4086 6440
328 436 460 502 1705

1340 427 1808 493 FRAGMENTA
1849 426 1931 487 IN
1973 426 2211 488 EPIST.
2253 430 2355 491 AD
2391 429 2579 495 ROM.

3451 427 3590 496 1706

323 551 498 622 χάριν·
521 544 617 601 καὶ
637 544 828 617 ἐπειδὴ
844 545 946 617 τῆς
969 543 1180 610 οίκείας
1199 545 1428 618 γνώμης
1445 544 1629 610 ἐξεῖπε
1653 543 1752 614 τὴν
1775 541 1910 611 προσ

2029 541 2362 608 tccepitnus?
2408 541 2475 596 Et
2515 552 2574 598 ut
2621 540 2853 614 propriae
2895 540 3214 599 intentionis
3253 544 3589 614 propositum

321 642 489 704 θεσιν,
517 639 606 693 ἴνα
636 638 712 711 μὴ
737 638 870 712 δόξῃ
903 638 1026 692 κατ’
1051 637 1374 704 ἀλαζονείας
1405 635 1657 707 ἐψέσθαι,
1687 635 1896 704 ταχέως

319 731 564 802 ὲπήγιιιγε
591 729 651 784 τὸ
684 730 830 800 ἑξῆς.

394 841 414 874 ι
443 821 601 876 Ἀλλ’
640 822 701 875 ἐν
750 820 964 884 τούτοις
1013 821 1182 874 πᾶσιν
1228 817 1616 890 ὑπερνικῶμεν
1665 817 1752 871 διὰ
1801 815 1897 867 τοῦ

316 914 704 984 ἀγαπήσαντος
741 913 910 984 ἡμᾶς.
940 931 962 962 ›

388 1007 624 1078 ’Ἐχομεν
653 1005 860 1076 μέντοι,
901 1003 1058 1075 φησὶ,
1090 1004 1150 1057 τὸ
1171 1001 1379 1056 τούτων
1408 1002 1552 1058 κατά
1577 999 1900 1072 περιουσίαν

1999 635 2209 700 aperiat
2249 649 2314 687 ac
2357 634 2614 690 ostendat
2668 649 2729 690 se
2777 648 2882 689 non
2924 648 3023 704 per
3063 633 3384 704 iactantiam
3416 633 3590 707 loqui,

2008 726 2194 779 statim
2231 725 2454 795 adjecit.

2078 814 2243 872 Vens.
2278 819 2370 873 57.
2417 837 2436 870 ι
2470 817 2577 874 Sed
2609 819 2660 872 in
2693 819 2778 874 his
2810 819 3061 873 munibus
3101 833 3426 888 superamus
3460 835 3594 892 pro-

2003 918 2122 978 pter
2151 927 2273 964 eum
2305 911 2394 981 qui
2425 910 2613 967 dilexit
2639 927 2758 968 nos.
2793 931 2811 962 ι

2075 1000 2371 1058 Possumus
2423 1014 2629 1068 tamen,
2681 1005 2880 1075 inquit,
2932 1005 3040 1061 illis
3087 1006 3402 1075 superiores
3451 1020 3598 1074 esse,

317 1101 563 1171 κρατεῖν,
583 1097 684 1153 οὐκ
714 1098 808 1168 ἀφ’
843 1095 1074 1161 ἑαυτῶν,
1109 1095 1245 1151 ἀλλά
1275 1093 1363 1148 διὰ
1388 1094 1480 1148 τού
1512 1095 1902 1166 ἀγαπήσαντος

2029 1108 2111 1150 ιοη
2137 1110 2233 1166 per
2256 1097 2638 1168 nosmetipsos,
2671 1097 2764 1166 sed
2795 1111 2892 1167 per
2921 1112 3046 1154 eum
3075 1098 3168 1168 qui
3197 1097 3386 1155 dilexit
3409 1113 3527 1156 nos.

317 1194 757 1355 ἡμῗῖἱέπεισμαι
780 1282 890 1354 γὰρ
919 1285 1002 1338 ὅτι
1030 1282 1155 1337 οὔτε
1188 1283 1444 1347 θάνατος,
1473 1279 1599 1334 οὒτε
1637 1278 1771 1348 ζωή.
1807 1295 1827 1329 s

385 1463 632 1518 Θάνατον
672 1461 771 1532 μὲν
798 1462 893 1516 οὖν
926 1462 1110 1516 πάντα
1151 1461 1304 1532 λέγει
1328 1461 1396 1515 τὰ
1420 1459 1637 1532 χαλεπά
1661 1475 1676 1490 °
1713 1458 1906 1529 ἐπειδὴ

315 1555 423 1609 τῶν
478 1555 740 1609 τοιούτων
786 1556 1006 1610 πάντων
1064 1554 1218 1619 τέλος
1269 1556 1299 1608 ό
1353 1554 1584 1617 θάνατος
1611 1565 1626 1582 ⁵
1675 1550 1820 1623 ζωὴν
1849 1551 1906 1604 δέ

316 1648 498 1702 πάντα
520 1647 590 1702 τὰ
609 1647 865 1718 τρυφηλά
883 1664 945 1700 τε
971 1648 1068 1700 καὶ
1097 1647 1280 1715 ἀγαθά
1312 1662 1328 1678 ⁸
1361 1645 1552 1717 ἐπειδὴ
1585 1645 1696 1698 τῶν
1727 1643 1906 1698 τοιού-

313 1757 425 1794 των
460 1740 683 1794 πάντων
715 1740 872 1803 τίλος
923 1741 1085 1794 πάλιν
1131 1738 1281 1792 ἐστὶν
1335 1741 1368 1810 η
1408 1737 1547 1809 ζωή.
1617 1737 1908 1806 Ἀγγέλους

2079 1270 2247 1330 Vens.
2293 1274 2385 1330 58.
2431 1293 2451 1328 ι
2483 1275 2678 1331 Certus
2706 1291 2824 1332 sum
2859 1277 3028 1343 enim,
3055 1278 3183 1348 quia
3219 1292 3397 1350 neque
3429 1295 3603 1347 mors,

2009 1378 2191 1434 neque
2217 1366 2350 1422 vita.
2383 1385 2402 1420 ι

2074 1456 2304 1514 Mortem
2338 1459 2556 1529 quidem
2590 1461 2724 1518 dicit
2750 1463 2932 1520 omnia
2972 1463 3147 1531 mala;
3182 1464 3456 1536 siquidem
3487 1480 3606 1518 nm-
3696 1494 3702 1500 -

2009 1551 2162 1604 nium
2210 1551 2479 1607 malorum
2527 1569 2765 1620 summa,
2815 1571 3000 1624 mors;
3042 1557 3211 1612 vitam
3240 1573 3372 1613 vero
3415 1562 3606 1615 omnia

2009 1643 2150 1698 bona
2199 1653 2256 1700 et
2306 1645 2635 1716 voluptates,
2689 1648 2816 1718 quia
2867 1649 3058 1705 talium
3099 1651 3343 1706 orttnium
3389 1666 3604 1708 summa

2011 1745 2098 1791 est
2128 1735 2259 1791 vita.
2291 1737 2532 1811 Angelos
2562 1755 2692 1796 vero
2716 1751 2773 1798 et
2799 1743 3138 1813 principatus
3166 1755 3222 1800 et
3249 1747 3482 1801 virtutes
3510 1763 3607 1800 vo-

315 1833 492 1887 δὲκαὶ
521 1832 701 1903 ἀρχὰς
741 1832 838 1886 καὶ
867 1832 1154 1902 δυνάμεις,
1189 1831 1288 1895 τὰς
1321 1831 1590 1902 ἀοράτους
1631 1829 1818 1892 οὐσίας
1851 1829 1908 1883 αἳ

2029 1837 2126 1894 cat,
2179 1829 2484 1888 invisibiles
2531 1842 2758 1890 naturas
2804 1851 2924 1906 qua:
2968 1836 3202 1894 diversis
3256 1839 3326 1894 ab
3371 1839 3604 1894 invicem

315 1927 434 1988 τοῖς
457 1923 740 1994 διαφόροις
765 1922 979 1988 τούτοις
1010 1924 1241 1994 ὀνόμασι
1275 1922 1627 1993 καταλλήλως
1672 1917 1761 1985 αἶς
1812 1921 1915 1975 ύπ-

320 2016 656 2088 ηρετοῦνται
685 2016 901 2088 χρείαις
949 2016 1458 2089 προσαγορεύονται
1481 2031 1496 2046 ·
1530 2014 1770 2084 ἄγγελοι
1813 2012 1915 2084 μὲν

316 2109 475 2182 παρὰ
497 2109 560 2163 τὸ
625 2108 974 2177 ἐξαγγέλλειν
1023 2111 1139 2172 τοῖς
1185 2107 1498 2181 ἀνθρώποις
1533 2106 1603 2160 τὰ
1651 2107 1716 2159 ἐκ
1751 2105 1911 2158 Θεοῦο

315 2201 503 2270 ἀρχαί
529 2201 610 2266 δὲ,
637 2201 792 2273 παρὰ
814 2199 877 2254 τὸ
903 2201 1117 2272 ἄρχειν,
1159 2199 1191 2270 ῆ
1224 2199 1460 2265 πόλεων,
1489 2199 1522 2268 ἢ
1558 2197 1732 2252 ἐθνῶν
1773 2197 1916 2260 ὅλως

316 2288 403 2357 οἷς
428 2295 696 2364 ἐφεστᾶσι
726 2308 742 2322 °
779 2292 1069 2362 δυνάμεις
1099 2291 1176 2356 δὲ,
1217 2291 1373 2362 παρά
1409 2291 1471 2344 τὸ
1503 2289 1737 2353 δυνατάς
1759 2289 1924 2358 διδηέ

321 2385 711 2456 μιουργείσθαι
770 2384 916 2455 πρὸς
972 2381 1284 2454 ὑπηρεσίαν
1340 2379 1500 2436 Θεοῦ.
1573 2378 1915 2447 Εὐλογεῖτε,

318 2478 462 2550 γὰρ,
491 2477 647 2548 φησὶ,
684 2478 790 2530 τὸν
813 2477 1057 2545 Κύριον,
1096 2475 1321 2540 πάντες
1344 2475 1398 2527 oi
1432 2471 1675 2542 ἄγγελοι
1703 2469 1916 2534 αὑτοῦ,

317 2569 573 2625 δυνατοί
608 2571 796 2639 ἰσχύϊ,
829 2567 1150 2634 ποιοῦντες
1177 2566 1286 2620 τὸν
1315 2566 1504 2636 λόγον
1531 2562 1740 2619 αὑτοῦ.
1799 2563 1920 2615 Ἐνσ-

319 2661 545 2715 εστῶτα
595 2660 676 2725 δέ,
727 2659 1025 2729 σύμπαντα
1063 2655 1484 2728 περιληπτικῶς
1517 2656 1588 2710 τὰ
1619 2653 1870 2724 παρόντα
1901 2667 1916 2682 ·

322 2753 600 2824 μέλλοντα
656 2751 733 2815 δὲ,
785 2751 994 2820 ὁμοίως
1046 2749 1231 2803 πάντα
1283 2750 1376 2803 τὸν
1433 2747 1870 2819 προσδοκώμενα
1903 2760 1917 2775 °

321 2844 539 2913 ὖψωμά
566 2860 627 2895 τε
649 2843 744 2895 καὶ
778 2842 964 2911 βάθος,
997 2840 1374 2911 ύπερουράνιά
1398 2857 1457 2894 τε
1478 2841 1573 2894 καὶ
1597 2839 1918 2912 ύποχθόνια.

320 2934 650 3006 προσέθηκε
709 2934 765 2986 δὲ
811 2936 908 2986 καὶ
959 2932 1136 2997 τοῦτο,
1196 2932 1335 2986 οὔτε
1363 2949 1455 2998 τις
1492 2933 1691 2999 κτίσις
1723 2931 1918 3000 ἑτέρα,

318 3026 555 3090 δεικνὺς
590 3025 690 3096 τῆς
723 3026 855 3096 περὶ⁷
881 3025 1016 3078 Θεὸν
1048 3025 1274 3094 ἀγάπης
1319 3025 1485 3078 αὐτοῦ
1539 3023 1639 3094 τὴν
1686 3024 1921 3095 ὑπερϐο-

319 3119 430 3188 λήν
470 3135 485 3150 °
522 3119 616 3172 καὶ
647 3119 729 3172 ὅτι
759 3118 972 3188 ταύτης
1002 3118 1164 3188 χάριν
1209 3117 1429 3186 ἐτοιμός
1480 3117 1629 3170 ἐστιν
1689 3119 1802 3180 τοῖς
1859 3133 1920 3169 τε

319 3206 452 3264 οὖσι
483 3209 578 3261 καὶ
611 3210 726 3271 τοῖς
753 3209 857 3261 οὐκ
889 3205 1009 3261 οὖσι
1039 3206 1427 3277 διαμάχεσθαι.
1467 3205 1568 3259 Διά
1607 3205 1795 3276 μέντοι
1823 3203 1918 3258 τοῦ

319 3301 473 3356 οὔτε
498 3293 505 3298 ”
512 3299 844 3370 μέλλοντα,
903 3299 1067 3368 δῆλον
1095 3299 1399 3370 πεποίηκεν
1427 3297 1695 3368 ἀκριϐῶς,
1741 3297 1824 3350 ὅτι
1857 3297 1916 3350 ού

321 3393 421 3447 διὰ
449 3393 506 3445 τὶ
533 3392 678 3461 φιλεί
714 3393 807 3444 τὸν
843 3391 998 3456 Θεὸν,
1048 3391 1170 3445 οὐδὲ
1213 3389 1460 3460 ἀμοισῶν
1509 3390 1688 3444 ἐλπίδι
1732 3389 1919 3455 τινῶν,

320 3485 447 3540 ἀλλ’
480 3485 616 3538 αὐτὸ
640 3484 804 3538 τοῦτο
833 3483 1079 3554 στέργων
1131 3482 1193 3535 τὸ
1251 3483 1430 3552 φιλεῖν
1481 3483 1574 3537 τὸν
1624 3483 1781 3546 Θεὸν,
1825 3483 1923 3536 ml.

320 3576 460 3631 καθ’
500 3575 635 3628 αὐτὸ
683 3574 887 3646 κρίνων
934 3573 1066 3628 αὐτὸ
1106 3574 1595 3645 περισπούδαστον.
1631 3574 1798 3627 Οὐδὲν
1829 3570 1923 3627 οὖν

319 3669 442 3722 τῶν
487 3665 1103 3740 προαπηριθμημένων,
1154 3666 1341 3735 φησὶν,
1372 3666 1676 3736 ἀποστήσει
1707 3668 1808 3735 τῆς
1842 3668 1923 3729 εἰς

318 3762 465 3816 Θεὸν
494 3759 718 3830 ἀγάπης
749 3759 921 3829 ἡμᾶς,
960 3756 1128 3810 ἕνεκα
1162 3756 1267 3826 τῆς
1324 3757 1534 3825 ἀφάτου
1592 3755 1721 3826 περὶ
1769 3756 1924 3825 ἡμᾶς

316 3850 507 3907 αὐτοῦ
543 3849 806 3920 σχέσεως,
857 3849 923 3920 ἠν
971 3847 1059 3902 διὰ
1112 3847 1206 3900 τοῦ
1265 3846 1473 3919 Κυρίου
1521 3845 1679 3918 ἡμῶν
1745 3843 1922 3917 Ἰησοῦ

314 3939 579 4018 Χριστοῦ
611 3940 978 4012 ποιησάμενος
1007 3937 1332 4004 ἐνεδείξατο.

989 4056 1150 4110 ΚΕΦ.
1177 4054 1255 4109 Θ¹.

398 4173 420 4207 ε
487 4149 774 4222 Ἀλήθειαν
793 4147 942 4218 λέγω
975 4149 1033 4201 ἐν
1058 4147 1304 4219 Χριστῷ,
1334 4147 1398 4202 ού
1427 4145 1701 4219 ψεύδομαι
1735 4163 1748 4177 ·
1779 4164 1923 4219 συμ-

316 4241 734 4319 μαρτυρούσης
758 4255 848 4311 μοι
879 4238 981 4309 τῆς
1009 4236 1366 4310 συνειδήσεώς
1395 4254 1522 4312 μου.
1561 4255 1581 4290 ι

391 4426 666 4490 Τονὼσας
690 4425 836 4480 οὓτω
866 4425 955 4480 διὰ
993 4424 1214 4480 πάντων
1243 4422 1443 4486 αὐτοὺς
1472 4423 1552 4487 είς
1600 4421 1664 4476 τὸ
1699 4422 1927 4478 πιστεύ-

313 4537 505 4584 οντας
550 4519 630 4590 τῷ
672 4518 992 4591 Εὐαγγελίῳ
1035 4517 1290 4589 βεϐαίως,
1330 4517 1537 4581 πάντας
1563 4515 1772 4580 ἀόκνως
1797 4517 1926 4582 τοὺς

2023 1922 2336 1979 nominibus
2372 1923 2632 1980 dicuntur
2668 1927 2826 1998 juxta
2874 1927 3024 1983 varia
3056 1930 3255 2000 quibus
3305 1930 3610 1987 inserviunt

2023 2011 2324 2068 ministeria
2353 2031 2367 2068 :
2395 2015 2572 2086 angeli
2628 2020 2696 2073 ab
2744 2019 3125 2076 annuntiando
3151 2021 3332 2077 divina
3370 2021 3610 2078 homini-

2023 2101 2164 2170 bus;
2193 2103 2523 2172 principatus
2557 2121 2585 2160 a
2617 2111 2854 2178 regendo
2897 2110 3012 2167 sive
3046 2112 3232 2181 urbes,
3265 2115 3382 2169 sive
3430 2114 3611 2169 natio-

2025 2208 2122 2249 nes
2154 2210 2319 2264 super
2343 2211 2479 2266 quas
2509 2201 2956 2269 constituuntur;
2985 2203 3224 2270 virtutes,
3249 2206 3376 2275 quia
3411 2217 3609 2275 poten-

2026 2292 2110 2339 tes
2149 2295 2277 2340 sunt
2318 2287 2386 2340 ad
2431 2291 2840 2359 exsequendum
2877 2293 2971 2348 Dei
3009 2295 3342 2350 mandatum.
3382 2295 3611 2350 Benedi-

2025 2375 2144 2440 cite,
2179 2377 2324 2433 enim
2351 2378 2550 2450 inquit.
2585 2379 2896 2448 Dominum,
2937 2399 3114 2440 omnes
3150 2386 3324 2455 angeli
3349 2385 3487 2455 ejus,
3514 2402 3613 2456 po-

2027 2473 2196 2521 tentes
2247 2469 2465 2536 virtute,
2514 2471 2771 2540 facientes
2816 2474 3029 2529 verbum
3081 2475 3196 2540 eius
3220 2477 3288 2530 ³⁸.
3343 2475 3610 2532 lnstantia

2027 2558 2388 2627 conglobatim
2412 2564 2595 2619 omnia
2623 2565 2755 2622 dicit
2784 2567 3108 2636 praesentia;
3137 2567 3316 2623 futura
3335 2569 3610 2638 similiter,

2027 2651 2210 2706 omnia
2256 2665 2610 2726 exspectata;
2649 2657 2993 2716 altitudinem
3030 2669 3085 2716 et
3117 2662 3470 2730 profundum,
3505 2677 3618 2719 ctr-

2029 2745 2186 2801 lestia
2212 2747 2426 2804 scilicet
2455 2758 2621 2819 atque
2658 2753 2968 2808 terrestria.
2997 2753 3212 2823 Adjecit
3234 2755 3421 2824 etiam,
3448 2771 3615 2828 neque

2028 2838 2140 2892 alia
2185 2849 2456 2909 creatura,
2493 2843 2698 2900 amoris
2733 2845 2818 2901 sui
2855 2846 2909 2901 in
2949 2845 3122 2902 Deum
3157 2847 3476 2918 signiﬁcans
3511 2863 3613 2904 εκεε

2029 2943 2266 2996 cessum,
2307 2945 2370 2988 ac
2397 2947 2456 2986 se
2482 2947 2582 3003 pro
2614 2933 2706 2990 illo
2733 2950 2922 2992 amore
2945 2938 3009 2992 ad
3035 2939 3385 3009 pugnandum
3418 2951 3612 2997 contra

2027 3031 2089 3073 ea
2115 3035 2236 3090 qua:
2265 3030 2392 3076 sunt
2434 3032 2490 3076 et
2519 3037 2581 3078 ea
2617 3038 2739 3094 quae
2769 3041 2875 3082 non
2903 3037 3031 3081 sunt
3061 3041 3184 3083 esse
3215 3036 3484 3092 paratum.
3515 3029 3613 3083 At-

2031 3119 2212 3167 tamen
2245 3128 2342 3183 per
2369 3116 2482 3170 haec
2507 3119 2670 3173 verba
2699 3135 2862 3189 neque
2878 3119 3089 3189 futura,
3118 3121 3400 3177 evidenter
3423 3130 3610 3177 osten-

2030 3205 2110 3259 dit
2146 3220 2206 3260 se
2253 3221 2362 3261 non
2394 3219 2616 3278 propter
2653 3209 2880 3280 aliquid,
2926 3227 3104 3282 neque
3144 3213 3611 3270 remunerationis

2025 3308 2125 3366 spe
2177 3294 2349 3352 Deum
2407 3298 2668 3371 diligere;
2724 3301 2821 3357 sed
2869 3301 3000 3358 illud
3052 3304 3227 3373 ipsum
3276 3303 3610 3375 desiderare,

2027 3388 2194 3446 Deum
2225 3392 2436 3447 scilicet
2463 3407 2670 3461 amare,
2718 3393 2862 3464 quod
2898 3402 2952 3450 et
2997 3395 3146 3451 omni
3174 3397 3354 3452 studio
3387 3397 3610 3468 dignum

2017 3481 2244 3550 iudicat.
2279 3483 2420 3538 Nihil
2462 3485 2648 3556 igitur,
2679 3486 2879 3559 inquit,
2913 3486 3107 3544 horum
3132 3504 3253 3560 qua:
3282 3505 3446 3560 supra
3476 3505 3614 3545 enu-

2023 3573 2353 3630 meravimus
2413 3591 2516 3630 nos
2565 3580 2843 3646 separabit
2872 3593 2904 3633 a
2942 3579 3214 3636 charitate
3247 3580 3339 3636 Dei
3391 3591 3615 3651 propter

2023 3660 2352 3718 ineﬁ‘abilem
2419 3666 2538 3735 ejus
2603 3682 2735 3739 erga
2793 3684 2893 3724 nos
2953 3670 3387 3726 benevolentiam
3446 3688 3613 3744 quam

2023 3753 2264 3810 ostendit
2296 3770 2393 3826 per
2419 3756 2706 3814 Dominum
2738 3768 2981 3817 nostrum
3012 3760 3196 3819 Jesum
3226 3760 3531 3821 Christum.

2103 4149 2271 4208 Vens.
2313 4152 2366 4208 l.
2411 4169 2432 4204 ι
2463 4063 3006 4214 νει-ἰιοιὲιέῗίεῗίη
3039 4158 3282 4227 Christo,
3312 4173 3418 4215 non
3451 4173 3613 4217 men-

2027 4243 2174 4312 tior;
2248 4244 2619 4302 testimonium
2694 4248 2830 4304 mihi
2885 4250 3208 4320 perhibente
3273 4251 3614 4309 conscientia

2027 4350 2170 4392 11168.
2209 4353 2229 4388 ι

2101 4423 2398 4496 Postquam
2430 4425 2504 4481 ita
2542 4425 2857 4483 omnimodo
2880 4443 2975 4484 eos
2998 4427 3088 4499 qui
3127 4428 3358 4486 ﬁrmiter
3383 4431 3618 4488 credunt

2029 4515 2328 4588 Evangelia
2380 4515 2436 4571 in
2480 4517 2584 4574 hoc
2636 4519 3003 4586 conﬁrmavit,
3058 4529 3118 4575 ut
3141 4535 3334 4577 omnes
3379 4537 3478 4591 pro
3521 4523 3617 4580 illo

315 4615 487 4686 ὑπὲρ
544 4609 736 4663 τούτου
793 4610 1144 4680 πειρασμοὺς
1197 4607 1616 4678 καταδέχεσθαι,
1681 4609 1923 4680 βούλεται

2041 4608 2352 4666 subeundas
2393 4609 2652 4666 alacriter
2675 4611 2982 4668 sustineant
3025 4615 3385 4682 tentationes,
3413 4616 3480 4670 ad
3517 4617 3618 4672 ob-

321 4709 484 4780 πρὸς
539 4704 792 4756 ἔνστασιν
846 4701 1370 4774 ἀνθυποφερομένην
1423 4700 1576 4772 αύτῷ
1632 4702 1728 4756 καὶ
1786 4703 1934 4773 μάλα

325 4797 603 4868 νεανικὴν
633 4795 1051 4867 ἀποκρίνεσθαι.
1088 4794 1312 4866 Ἐπειδὴ
1341 4793 1450 4866 γὰρ
1478 4795 1538 4849 ἐν
1581 4799 1698 4860 τοῖς
1732 4795 1936 4867 προλα-

329 4895 504 4948 ϐοῦσι
528 4890 620 4943 τὸν
650 4889 814 4959 νόμον
843 4885 1110 4953 ἐκϐαλὼν,
1140 4887 1241 4959 τὴν
1263 4889 1425 4959 χάριν
1455 4888 1816 4962 πολυτρόπως
1842 4891 1936 4945 καὶ

334 4982 595 5057 μαλιστά
628 4997 691 5049 γε
722 4978 817 5032 ἀπ’
848 4977 1016 5032 αὐτοῦ
1062 4977 1158 5032 τοῦ
1214 4979 1380 5049 νόμου
1436 4979 1738 5051 συνέστησε
1765 4997 1781 5013 ο
1841 4983 1939 5037 καὶ

329 5074 566 5148 ἀληθῶς
597 5073 746 5137 υἱοὺς
775 5070 912 5125 Θεοῦ
948 5071 1076 5134 τοὺς
1105 5071 1312 5142 ταύτης
1357 5071 1562 5144 ἔφησεν
1606 5069 1767 5141 εῖναι,
1831 5074 1929 5141 οὓς

333 5171 441 5225 καὶ
478 5163 644 5219 πάλαι
675 5163 964 5235 προειδότα
988 5161 1314 5233 κεκληκέναι
1341 5163 1438 5217 νῦν
1463 5163 1556 5217 τὸν
1581 5163 1713 5218 Θεόν
1739 5181 1753 5195 ’
1787 5163 1933 5234 ἔγνω

331 5261 437 5314 τὸν
500 5255 751 5310 Ἰουδαῖον
780 5253 942 5317 εὐθὺς
967 5253 1154 5307 τοῦτον
1189 5254 1668 5325 ἀντιστησόμενον,
1703 5258 1799 5310 καὶ
1831 5259 1936 5330 τὴν

335 5346 797 5418 πολυθρύλλητον
824 5346 1008 5410 αὐτοῖς
1053 5346 1271 5418 ἐκείνην
1312 5346 1586 5400 ἀντίθεσιν
1619 5347 1770 5418 αὐτῷ
1803 5366 1938 5420 προ-

334 5438 712 5508 καλούμενον.
751 5440 1033 5508 Ἔφασκον
1058 5438 1169 5509 γὰρ
1199 5437 1472 5492 Ἰουδαίων
1500 5439 1550 5492 oi
1572 5443 1685 5502 τοῖς
1707 5441 1943 5496 ἀποστόο

336 5535 468 5596 λοις
499 5532 595 5584 καὶ
626 5529 704 5608 τῷ
737 5531 1056 5602 κηρύγματι
1084 5530 1473 5601 πολεμοῦντες,
1498 5532 1646 5585 δυοῖν
1679 5531 1740 5597 ἐξ
1773 5534 1944 5602 ἀνάγ-

339 5638 461 5691 κης
489 5621 760 5692 ὑπάρχειν
781 5621 840 5674 τὸ
871 5621 1060 5690 ἕτερον
1087 5635 1100 5649 ο
1138 5620 1171 5691 ἢ
1203 5620 1396 5690 ψευδὲς
1423 5621 1483 5674 τὸ
1515 5622 1868 5690 Εύαγγέλιον,
1906 5624 1939 5694 ἢ

337 5713 448 5766 τὸν
479 5711 613 5764 Θεὸν
637 5711 903 5782 ψεύστην.
933 5711 998 5764 Ei
1033 5711 1136 5782 μὲν
1172 5711 1282 5783 γὰρ
1309 5711 1344 5766 ἃ
1376 5713 1700 5785 κηρύττετε,
1751 5715 1939 5785 φησὶν,

426 5845 484 5878 ³⁸
503 5841 648 5923 l’sal.
673 5859 770 5912 cu,
802 5842 894 5900 20.

610 5945 885 6005 ΡΑτιιοι.
927 5944 1045 6006 (in.
1091 5942 1380 6005 LXXXV.

2027 4699 2322 4771 jectionem
2370 4701 2445 4756 illi
2493 4695 2826 4774 propositam
2868 4713 2924 4759 et
2968 4705 3190 4776 quidem
3225 4707 3616 4764 validissimam

2035 4795 2154 4850 vult
2186 4797 2538 4865 respondere.
2567 4797 2700 4852 Nam
2729 4812 2851 4853 cum
2877 4799 2928 4852 in
2961 4799 3395 4868 pratcedentibus
3424 4803 3621 4872 capiti-

2036 4886 2141 4942 bus
2175 4885 2345 4956 legem
2381 4887 2628 4956 ejiciens,
2659 4889 2891 4956 gratiam
2929 4889 3115 4946 multis
3149 4891 3324 4947 modis
3365 4899 3420 4946 et
3447 4892 3622 4962 inpri-

2039 4977 2145 5033 mis
2172 4967 2206 5032 a
2236 4977 2354 5048 lege
2383 4976 2500 5048 ipsa
2544 4979 2940 5044 constabilivit,
2984 4989 3040 5036 et
3072 4981 3191 5036 illos
3223 4983 3361 5037 dixit
3387 4996 3516 5038 vere
3561 4984 3625 5038 ﬁ-

2039 5067 2144 5124 lios
2176 5067 2268 5124 Dei
2305 5082 2450 5134 esse,
2500 5069 2590 5138 qui
2633 5069 2776 5122 illam
2818 5071 3106 5137 recipiunt,
3142 5087 3279 5140 quos
3307 5073 3448 5128 Deus
3476 5089 3624 5132 nunc

2038 5160 2256 5215 vocavit
2293 5175 2358 5214 ex
2397 5160 2624 5230 antiquo
2654 5161 3158 5230 praedestinationis
3197 5163 3442 5233 decreto,
3483 5181 3624 5236 pra:-

2040 5251 2178 5307 vidit
2219 5249 2465 5307 Judzeum
2517 5251 2594 5306 illi
2643 5251 3113 5308 contradicturum
3158 5263 3210 5309 et
3254 5254 3621 5323 objectionem

2043 5342 2332 5398 allaturum
2380 5342 2525 5396 illam
2579 5343 2779 5411 sacpius
2817 5344 2885 5399 ab
2923 5343 3032 5398 illis
3075 5345 3426 5402 celebratam.
3457 5346 3626 5406 Dice-

2040 5434 2176 5491 bant
2203 5435 2346 5490 enim
2378 5433 2548 5490 Judaei
2585 5435 2676 5504 qui
2724 5436 3000 5506 apostolos
3031 5449 3083 5492 et
3126 5439 3400 5509 Evangelii
3427 5443 3627 5510 ιιι-ιθὼς

2046 5528 2317 5584 cationem
2352 5526 2764 5597 impugnabant,
2797 5543 2964 5582 unum
3005 5543 3036 5584 e
3062 5530 3270 5586 duobus
3314 5532 3628 5601 necessario

2042 5621 2316 5675 existere:
2342 5619 2451 5674 Aut
2475 5618 2827 5690 Evangelium
2849 5619 3065 5686 falsum,
3090 5630 3182 5676 aut
3206 5601 3434 5677 mendax
3458 5621 3622 5678 Deus.

2041 5710 2178 5768 Nam
2215 5711 2259 5770 si
2297 5724 2447 5782 vera,
2471 5710 2745 5782 inquiunt,
2779 5725 2898 5783 quae
2927 5712 3258 5783 praedicatis,
3295 5713 3455 5770 fallax
3486 5713 3629 5771 Deus

3224 5943 3306 6012 54
