4086 6394
486 344 620 417 1707

1578 344 1955 407 GENNADII
1992 345 2499 409 PATRIARCIH‘J
2539 346 2650 409 (ΣΡ.

3636 349 3653 411 i
3666 352 3771 415 708

484 456 575 525 qni
610 456 893 528 promissis
933 457 1180 525 patrihus
1223 455 1426 511 nostris
1466 456 1531 511 de
1565 456 1722 513 nobis
1764 474 1927 530 apere
1964 474 2068 513 non

2178 458 2312 511 εἰσὶν
2345 458 2543 529 ἀληθῆ,
2570 458 2774 531 ψευδὴς
2806 461 2836 514 ό
2865 460 3021 526 Θεὸς,
3058 462 3156 526 τὰς
3188 462 3401 529 οἰκείας
3453 462 3591 536 πρὸς
3645 470 3769 530 τοὺς

484 547 656 601 stetit.
696 544 831 599 Nam
880 543 1192 599 Abrahamo
1225 543 1448 612 quidem
1490 545 1743 615 promisit
1782 548 1834 601 in
1884 563 2066 604 semen

430 656 436 663 π
478 639 598 709 ejus
647 638 1020 694 transmittere
1063 637 1507 705 benedictiones;
1555 653 1698 695 nunc
1746 649 1928 694 autem
1973 654 2071 711 pro

483 732 639 786 nobis
680 730 1233 802 gentes,.immundos
1278 744 1342 785 ac
1374 730 1711 801 alienigenas
1748 731 1972 802 recepit.
2009 731 2067 787 Si

477 822 647 891 igitur
678 821 895 877 illarum
926 822 1353 893 promissionum
1405 825 1586 879 exitus
1625 832 1729 890 est,
1774 833 1830 878 ut
1866 824 2067 891 dicitis,

480 915 800 985 praedicatio
837 924 1051 981 vestra,
1103 915 1457 975 manifestum
1506 925 1591 972 est
1630 927 1814 988 patres
1854 926 2071 973 nostros

476 1022 505 1059 a
535 1004 648 1064 Deo
678 1007 831 1077 quasi
871 1005 1092 1062 delusos
1126 1004 1316 1063 fuisse.
1362 1005 1468 1063 Sed
1518 1007 1563 1063 si
1607 1007 1719 1062 haec
1748 1008 1813 1062 de
1843 1007 1951 1062 Deo
1992 1008 2071 1063 di-

477 1113 603 1155 cere
634 1114 741 1153 non
781 1112 1094 1169 possumus,
1125 1113 1255 1169 ergo
1290 1113 1388 1155 vos
1416 1098 1639 1156 fallaces
1683 1110 1736 1154 et
1765 1099 1899 1156 falsa
1932 1115 2070 1170 pra:-

478 1192 683 1247 dicatio
719 1198 923 1245 vestra.
963 1189 1115 1245 Talia
1145 1188 1462 1260 frequenter
1488 1191 1799 1262 obiiciendo
1833 1191 2069 1261 Aposto-

479 1284 546 1337 lis
613 1281 990 1337 molestiarum
1052 1296 1159 1336 non
1232 1282 1567 1337 modicarum
1620 1298 1685 1339 ac
1742 1283 2069 1342 tumultuum

477 1390 645 1431 causa
700 1383 878 1429 erant.
934 1373 1305 1430 Persuasoriis
1360 1374 1509 1430 enim
1573 1375 1656 1430 his
1723 1375 2068 1431 sermonibus

477 1464 807 1533 simplicium
830 1464 995 1520 corda
1030 1466 1386 1533 deeipientes,
1425 1462 1545 1519 illos
1585 1478 1614 1518 a
1649 1463 1823 1521 salute
1849 1473 2069 1520 averte-

478 1559 629 1622 bant,
667 1567 720 1613 et
761 1556 1136 1614 intolerabiles
1163 1557 1216 1611 in
1247 1555 1525 1628 apostolos
1551 1557 1912 1629 congerebant
1940 1572 2067 1628 per-

477 1649 806 1705 secutiones.

2176 552 2424 624 πατέρας
2453 554 2610 624 ήμῶν
2641 553 2771 625 περὶ
2824 555 2983 627 ήμῶν
3042 556 3370 627 ὑποσχέσεις
3417 559 3533 623 τοῖς
3586 557 3770 628 ἔργοις

2176 642 2648 715 ἐξαρνήσάμενος.
2686 647 3087 718 Ἐπηγγείλατο
3113 650 3212 720 μὲν
3233 650 3344 721 γὰρ
3372 650 3451 722 τῷ
3491 651 3768 724 Ἁϐραάμ,

2175 737 2258 798 εἰς
2288 735 2348 790 τὸ
2380 736 2609 808 σπέρμα
2632 737 2693 792 τὸ
2730 739 2900 794 αὐτοῦ
2928 740 3327 812 παραπέμψειν
3360 742 3462 807 τὰς
3493 743 3766 815 εὐλογίας

2176 827 2296 881 νυνὶ
2326 827 2384 881 δέ
2421 829 2539 883 ἀνθ’
2564 830 2745 900 ήμῶν,
2776 831 3130 904 ἀκαθάρτους
3173 835 3270 888 καὶ
3304 834 3641 903 ἀλλοφύλους
3677 840 3774 895 ἀν-

2176 918 2430 991 θρώπους
2482 924 2552 976 τὰ
2601 922 2732 995 ἔθνη
2780 925 3195 997 προσδέδεκται.
3242 924 3308 980 Et
3363 925 3546 980 τοίνυν
3579 931 3613 1001 ή
3649 926 3762 982 τῶν

2176 1010 2527 1080 ἐπαγγελιῶν
2554 1013 2784 1069 ἐκείνων
2808 1014 3038 1080 ἔκϐασις
3062 1016 3236 1085 ἐστιν,
3255 1016 3332 1082 ὦς
3361 1034 3525 1090 φατε,
3551 1019 3616 1072 τὸ
3635 1018 3776 1087 ὑμέ-

2173 1118 2332 1174 τερον
2356 1104 2641 1175 κήρυγμα,
2679 1107 2945 1178 πρόδηλον
2976 1107 3053 1172 ὡς
3072 1107 3338 1179 ἔψευσται
3366 1112 3495 1175 τοὺς
3526 1112 3776 1182 πατέρας

2175 1197 2336 1267 ἡμῶν
2363 1197 2393 1250 ό
2416 1198 2573 1262 Θεός.
2606 1200 2670 1253 Εἰ
2689 1200 2747 1254 δὲ
2775 1201 2878 1274 οὐχ
2902 1202 3049 1256 ὅσιον
3071 1203 3203 1272 περὶ
3223 1202 3358 1257 Θεοῦ
3379 1203 3542 1259 τοῦτο
3569 1207 3772 1270 εἰπεῖν,

2176 1290 2336 1359 ὑμεῖς
2376 1290 2487 1361 ἄρα
2521 1292 2615 1346 καὶ
2649 1292 2677 1346 ὁ
2719 1295 2850 1365 παρ’
2886 1294 3044 1365 ὑμῶν
3086 1294 3247 1365 λόγος
3284 1296 3513 1369 ψευδής.
3566 1296 3775 1351 Τοῦτον

2174 1382 2314 1458 πρὸς
2331 1383 2463 1447 τοὺς
2490 1385 2833 1450 ἀποστόλους
2851 1386 2942 1441 τὸν
2970 1386 3128 1455 λόγον
3158 1388 3407 1465 συνεχῶς¹
3426 1388 3778 1460 παρασυλλόι-

2176 1492 2354 1549 μενοι,
2390 1478 2738 1548 πραγμάτων
2778 1479 2841 1532 οὐ
2886 1480 3103 1551 μικρῶν
3134 1481 3324 1545 αὐτοῖς
3350 1479 3519 1537 αἴτιοι
3558 1483 3656 1539 καὶ
3682 1481 3779 1534 eo-

2176 1566 2361 1636 ρύὸων
2403 1567 2755 1623 καθίσταντο.
2786 1570 2887 1624 Διὰ
2914 1570 3025 1641 γάρ
3062 1572 3162 1642 τῆς
3191 1570 3451 1642 τοιαύτης
3488 1571 3779 1631 πιθανολοο

2171 1656 2300 1725 γίας
2330 1657 2516 1713 αὐτῶν
2544 1658 2929 1725 ἐξαπατῶντες
2962 1661 3060 1725 τὰς
3104 1660 3332 1732 καρδίας
3378 1661 3488 1716 τῶν
3517 1661 3777 1721 ἀκάκων.

2173 1748 2399 1814 τούτους
2450 1766 2512 1805 τε
2554 1750 2866 1823 ἀφῃροῦντο
2898 1752 3002 1823 τῆς
3046 1753 3344 1825 σωτηρίας,
3377 1755 3471 1808 καὶ
3500 1754 3780 1825 διωγμοὺς

2163 1842 2276 1904 τοῖς
2309 1841 2631 1907 ἀποστόλοις
2659 1845 2973 1915 ἀφορήτους
3000 1848 3326 1915 ἐπήγειρον.

2075 1996 2184 2057 lli.

1075 2139 1460 2217 Fragmenta
1491 2156 1628 2217 qua:
1655 2150 2023 2221 sequuntur,
2059 2143 2432 2222 supplentur
2471 2165 2498 2206 e
2533 2147 2744 2209 codice
2783 2149 3172 2213 Monacmsi.

576 2278 723 2333 νωὸ
769 2285 957 2341 ιθ-οι.
1011 2304 1028 2336 ι
1068 2283 1347 2340 Voluntati
1392 2283 1539 2339 enim
1591 2285 1707 2352 ejus
1757 2286 1879 2357 quis
1932 2287 2070 2342 resi-

472 2373 612 2427 stit?
652 2376 698 2427 υ
744 2376 940 2440 homo,
996 2382 1051 2427 tu
1096 2373 1220 2442 quis
1264 2388 1346 2441 es,
1397 2375 1490 2443 qui
1543 2376 1880 2446 respondeas
1931 2376 2074 2431 Deo?

481 2467 758 2539 Numquid
783 2469 929 2524 dicet
960 2465 1280 2538 ﬁgmentum
1308 2467 1356 2522 ei
1375 2467 1467 2537 qui
1496 2481 1555 2524 se
1587 2467 1745 2521 ﬁnxit
1775 2484 1788 2522 :
1814 2466 1953 2533 Quid
1989 2483 2075 2524 me

482 2564 660 2620 fecisti
688 2561 811 2619 sic?
854 2561 937 2614 An
981 2571 1087 2613 non
1126 2557 1293 2613 habet
1340 2567 1663 2629 potestatem
1701 2558 1897 2631 ﬁgulus
1948 2559 2072 2625 luti,

484 2669 551 2710 ex
588 2654 779 2711 eadem
820 2664 1002 2706 massa
1041 2648 1223 2706 facere
1256 2647 1399 2704 aliud
1425 2650 1643 2719 quidem
1675 2664 1768 2705 vas
1818 2650 1870 2704 in
1904 2652 2072 2705 hono-

485 2760 623 2814 rem,
660 2744 806 2799 aliud
840 2757 969 2799 vero
994 2742 1045 2796 in
1074 2740 1551 2796 contumeliam?»

553 2838 709 2893 Alius
764 2849 895 2892 vero
944 2835 1089 2890 hunc
1144 2834 1323 2890 locum
1377 2835 1768 2903 interpretatus
1837 2845 1921 2889 est
1971 2835 2075 2889 hoc

487 2932 646 2984 modo
672 2945 687 2982 :
715 2926 1025 2998 lnterroges
1062 2941 1151 2981 me
1181 2944 1196 2980 :
1238 2910 1511 2979 Vo'luntati
1541 2925 1655 2995 ejus
1696 2927 1811 2997 quis
1842 2926 2076 2979 resistit?

486 3023 597 3094 Ego
622 3032 811 3077 autem
842 3019 939 3074 tibi
967 3018 1092 3073 dico
1120 3036 1133 3074 :
1164 3016 1245 3072 Tu
1281 3033 1390 3088 pra:
1420 3018 1695 3087 omnibus,
1726 3019 1818 3087 qui
1857 3018 1966 3094 Deo
1993 3034 2081 3072 rc-

484 3092 741 3186 spcndes.
784 3110 920 3167 Nam
971 3121 1027 3166 tu
1074 3110 1267 3166 saltem
1316 3110 1511 3179 aliquis
1559 3120 1641 3173 es,
1692 3120 1748 3165 et
1780 3120 1832 3165 te
1871 3092 2074 3165 nullum

484 3222 608 3263 esse
654 3212 933 3276 nunquam
988 3204 1328 3259 admitteres.
1382 3201 1490 3256 Deo
1546 3208 1728 3257 autem
1796 3202 2078 3257 contradi-

487 3301 662 3355 cemlu
694 3297 966 3367 quomodo
1004 3293 1052 3349 ei
1095 3309 1203 3351 non
1246 3291 1492 3350 resistis?
1524 3289 1659 3347 Tuis
1686 3292 1851 3363 igitur
1890 3303 2080 3363 captus

485 3408 546 3448 es
576 3393 794 3458 verbis;
821 3398 875 3445 et
906 3388 1106 3458 quibus
1143 3400 1341 3453 negare
1374 3386 1761 3455 prtesumebas,
1791 3385 1875 3439 his
1910 3384 2080 3439 couti-

490 3484 624 3539 teris
650 3480 1049 3552 oppositioncm
1081 3486 1228 3531 tuam
1256 3494 1269 3543 ;
1310 3485 1362 3531 et
1392 3484 1446 3530 tu
1479 3477 1555 3530 tui
1586 3475 1759 3546 ipsius
1791 3485 2082 3531 accusator

488 3576 660 3646 magis
692 3589 854 3644 quam
897 3587 997 3645 ego
1030 3586 1089 3627 es
1135 3558 1641 3635 cﬂ'ectuerutcris
1689 3569 1912 3634 etenim,
1947 3569 2080 3636 Quis

490 3662 734 3718 resistit?
762 3659 917 3715 Tune
947 3659 1141 3729 aliquis
1172 3658 1265 3713 es?
1306 3656 1446 3712 Nam
1491 3658 1538 3715 si
1570 3656 1850 3712 conﬁteris
1894 3669 1944 3713 te
1977 3672 2075 3712 ne-

488 3761 689 3815 minem
718 3738 865 3821 (βεδε,
891 3751 1131 3810 concedo
1163 3752 1258 3808 tibi
1287 3766 1392 3806 non
1420 3751 1544 3822 jure
1574 3751 1740 3806 Deum
1771 3754 2081 3823 vituperare

488 3851 757 3905 homines.
790 3847 897 3902 Sed
938 3846 983 3901 si
1029 3844 1229 3913 aliquis
1274 3858 1353 3910 es,
1387 3843 1551 3908 Deus,
1585 3845 1837 3914 quamvis
1883 3845 2081 3901 millies

489 3957 745 4014 negares.
789 3940 972 4011 justus
1020 3938 1284 4007 proba'ur
1314 3948 1370 3993 et
1415 3938 1482 3992 de
1522 3947 1574 3992 te
1614 3938 1792 4008 primo
1836 3947 2082 4008 reportat

486 4034 797 4091 victoriam.
851 4031 959 4087 Sed
1010 4031 1156 4100 quod
1205 4030 1259 4085 in
1310 4029 1636 4100 quibusdam
1698 4031 1765 4086 de
1828 4032 2079 4101 praesenti

485 4128 784 4200 qumtione
812 4125 1118 4183 admiratus
1156 4139 1304 4191 sum,
1340 4123 1470 4179 illud
1505 4125 1574 4179 ad
1608 4132 1659 4178 te
1705 4124 2081 4179 transmittere

486 4222 630 4285 volo,
661 4218 986 4275 charissim
1016 4215 1195 4273 Petre.
1233 4215 1464 4283 Quidam
1498 4230 1625 4271 cum
1654 4216 1803 4271 hunc
1830 4213 2083 4285 EpiStolm

488 4315 667 4367 locum
715 4320 1046 4365 conarentur
1090 4308 1465 4377 interpretari,
1502 4323 1600 4362 nec
1647 4307 1914 4368 valerent,
1954 4318 2082 4375 pro-

488 4406 602 4475 pria
646 4402 859 4459 consilii
906 4403 1093 4469 inopia
1142 4408 1393 4457 sanetum
1443 4397 1671 4452 Paulum
1710 4410 1817 4451 non
1866 4396 2082 4451 dubita-

2255 2304 2274 2336 ι
2308 2284 2399 2356 Τῷ
2431 2286 2539 2357 γάρ
2574 2286 2846 2360 θελήματι
2876 2291 3045 2346 αὑτοῦ
3074 2295 3157 2358 τίς
3180 2296 3481 2371 ἀνθέστηκε
3507 2318 3523 2368 ;
3561 2304 3783 2358 Μενοῦν

2178 2395 2265 2445 γε,
2298 2371 2342 2431 ὦ
2374 2379 2655 2451 ἄνθρωπε,
2704 2382 2769 2435 σὺ
2811 2384 2895 2448 τίς
2940 2380 2993 2438 εἷ
3042 2387 3069 2444 ὁ
3122 2388 3661 2462 ἀνταποκρινόμενος
3702 2395 3783 2468 τῷ

2177 2469 2298 2541 Θεῷ
2324 2488 2338 2537 ;
2373 2472 2465 2543 Μή
2492 2475 2611 2544 ἐρεῖ
2632 2475 2694 2527 τὸ
2728 2476 2960 2547 πλάσμα
2992 2478 3067 2547 τῷ
3099 2479 3393 2547 πλάσαντι,
3430 2485 3494 2538 Τί
3527 2503 3595 2556 με
3623 2489 3781 2541 ἐποί-

2178 2581 2320 2635 ησας
2359 2565 2537 2633 οὕτως
2569 2585 2585 2636 ;
2634 2569 2703 2623 Ἦ
2743 2569 2844 2624 οὐκ
2888 2571 3003 2642 ἔχει
3037 2572 3289 2638 ἐξουσίαν
3316 2580 3344 2630 ό
3375 2583 3653 2650 κεραμεὺς
3682 2580 3782 2635 τοῦ

2178 2658 2379 2729 πηλοῦ,
2418 2661 2482 2713 ἐκ
2515 2658 2611 2713 τοῦ
2654 2662 2819 2716 αὑτοῦ
2858 2665 3184 2736 φυράματος
3213 2669 3463 2738 ποιῆσαι,
3502 2670 3530 2724 ὃ
3562 2672 3662 2743 μὲν
3698 2675 3783 2739 είς

2173 2750 2344 2822 τιμὴν
2375 2750 2591 2817 σκεῦος,
2612 2752 2641 2805 ὃ
2667 2753 2724 2808 δὲ
2756 2756 2837 2818 είς
2862 2757 3090 2827 ἀτιμίαν
3123 2777 3137 2824 ;
3184 2780 3202 2811 ο

2250 2842 2480 2913 Ἕτερος
2513 2844 2572 2898 δέ
2598 2846 2759 2901 τοῦτο
2789 2847 2966 2912 οὕτως
2994 2851 3336 2925 ἐρμήνευσεν
3362 2872 3376 2886 ’
3414 2854 3658 2929 Ἐρωτᾷς
3686 2878 3779 2932 με,

2182 2933 2284 3000 Τίς
2317 2935 2696 3005 ἀνθέστηκεν
2737 2940 2927 2996 αὐτοῦ
2962 2942 3043 3008 τῷ
3069 2944 3469 3017 ,ϐουλήματις
3527 2950 3668 3019 Ἐγὼ
3722 2954 3784 3008 δέ

2185 3044 2266 3080 σοι
2301 3027 2470 3096 λέγω,
2502 3030 2586 3083 ὅτι
2623 3030 2696 3085 Σὺ
2738 3032 2846 3104 πρὸ
2886 3035 3130 3101 πάντων,
3171 3039 3201 3091 ὁ
3243 3038 3785 3116 ἀνταποκρινόμενος

2184 3118 2263 3191 τῷ
2296 3118 2437 3189 Θεῷ.
2473 3121 2571 3184 Τὶς
2613 3123 2716 3194 μὲν
2752 3124 2862 3195 γὰρ
2909 3121 2962 3178 εἴ
2998 3143 3103 3182 που
3147 3130 3368 3197 πάντως
3395 3150 3409 3162 ·
3452 3136 3547 3188 καὶ
3570 3136 3676 3190 οὐκ
3712 3138 3783 3192 ἂν

2181 3211 2357 3275 οὐδεὶς
2382 3208 2523 3266 εἷναί
2556 3232 2689 3268 ποτε
2718 3218 3048 3286 καταδέξαιο
3073 3237 3085 3250 ·
3110 3224 3409 3296 ἀντιλέγων
3433 3226 3489 3281 δὲ
3509 3228 3630 3299 Θεῷ
3661 3232 3784 3295 πῶς

2183 3302 2282 3355 οὐκ
2315 3302 2662 3387 ὀινοέστηκας
2694 3323 2708 3373 ;
2746 3308 2960 3363 Οὐκοῦν
3000 3314 3116 3376 τοῖς
3148 3314 3314 3373 αὐτοῦ
3336 3318 3519 3387 λόγοις
3550 3320 3729 3385 ἑάλως
3763 3339 3781 3356 ’

2185 3389 2279 3444 καὶ
2306 3386 2384 3454 οἷς
2414 3391 2577 3464 ἀρνῇ,
2605 3394 2817 3460 τούτοις
2848 3399 3135 3470 ὁμολογεῖς
3163 3404 3263 3477 τήν
3290 3406 3611 3464 ἀντίστασιν
3636 3427 3650 3440 ·
3685 3414 3783 3466 καὶ

2187 3482 2410 3550 σαυτοῦ,
2451 3485 2558 3555 πρὸ
2600 3486 2735 3557 ἐμοῦ
2785 3491 3098 3562 κατήγορος
3143 3496 3397 3567 γέγονας.
3437 3502 3628 3571 Ζητεὶς
3674 3504 3783 3574 μὲν

2184 3574 2314 3666 γάρ,
2348 3575 2444 3639 Τίς
2466 3576 2802 3666 ἁνΟέστηκες
2833 3581 2925 3646 Τίς
2946 3583 3003 3635 δέ
3040 3586 3313 3658 ὑπάρχεις
3345 3592 3510 3658 αὐτός
3537 3610 3552 3659 ;
3589 3595 3652 3651 Εἰ
3676 3597 3783 3666 μὲν

2185 3662 2278 3719 οὖν
2309 3667 2595 3738 ὁμολογεῖς
2625 3665 2768 3724 εἶναι
2790 3672 3007 3743 μηδεὶς,
3050 3680 3323 3752 συγχωρῶ
3354 3699 3439 3735 σοι
3467 3684 3529 3737 τὸ
3557 3662 3782 3759 μέμξρε-

2187 3758 2311 3813 σοαι
2348 3763 2462 3825 τοῖς
2485 3761 2798 3832 ἀνθρώποις
2820 3768 2944 3838 εἰκῆ
2970 3768 3061 3825 τὸν
3097 3770 3231 3825 Θεόν
3253 3788 3268 3802 ·
3294 3775 3343 3826 εί
3369 3775 3427 3829 δὲ
3445 3772 3498 3830 εἴ
3530 3758 3643 3843 τὶς,
3672 3781 3782 3839 κᾶν

2191 3849 2453 3919 μυριάκις
2485 3853 2689 3922 ὰρνοῖο,
2738 3853 2947 3919 δίκαιος
2979 3859 3007 3911 ὁ
3041 3858 3176 3924 Θεὸς
3231 3861 3633 3933 ἀποδέδεικται,
3680 3873 3784 3925 καὶ⁵

2187 3941 2340 4012 παρὰ
2375 3942 2470 3995 σοῦ
2503 3943 2723 4013 πρώτου
2768 3948 2996 4018 φέρεται
3038 3953 3137 4024 τὴν
3172 3948 3431 4013 νικῶσαν.
3474 3960 3634 4016 ’Δλλὰ
3666 3962 3780 4036 γὰρ

2183 4032 2401 4087 ὃτινῶν
2457 4035 2553 4087 ἐπὶ
2606 4036 2701 4090 τοῦ
2747 4039 3016 4111 παρόντος
3073 4044 3416 4116 τεθαύμακα,
3463 4051 3626 4107 τοῦτο
3682 4032 3782 4109 καὶ

2186 4123 2324 4194 πρὸς
2360 4126 2440 4191 σὲ,
2503 4126 2731 4195 φίλτατε
2789 4147 2881 4200 μοι
2934 4134 3135 4205 Πέτρε,
3202 4136 3468 4210 βούλομαι
3518 4141 3779 4199 διελθεῖν,

2196 4217 2677 4311 Ἐπιζειρήσαντες
2699 4224 2851 4311 τουτὶ
2882 4226 2984 4297 τῆς
3030 4228 3354 4303 Ἐπιστολῆς
3379 4234 3441 4287 τὸ
3479 4235 3648 4308 μέρος
3682 4241 3781 4311 ἐρ-

2187 4306 2456 4378 μηνεῦσαί
2487 4326 2653 4383 τινες,
2713 4307 2834 4365 εἶτα
2865 4315 2967 4369 οὐκ
2996 4317 3414 4390 ἐξαρκέσαντες,
3465 4306 3563 4379 τού
3616 4306 3780 4396 ἁγίου

2185 4399 2403 4455 Παύλου
2426 4400 2525 4474 τὴν
2545 4403 2756 4458 οἰκείαν
2786 4407 3022 4480 ἀπορίαν
3057 4413 3158 4467 οὐκ
3193 4413 3448 4487 ὤκνησαν
3490 4421 3783 4492 καταψεύο

489 4506 616 4551 rnnt
644 4509 933 4553 accusare.
958 4492 1225 4547 Dlserant
1252 4491 1399 4545 enim
1422 4489 1576 4544 illum
1603 4502 1708 4543 non
1736 4488 1855 4542 hate
1886 4486 2074 4551 verba,

2184 4492 2400 4549 σασθαι.
2435 4495 2514 4549 Οὐ
2559 4499 2666 4570 γάρ
2720 4500 3083 4573 ἐπιλυόμενον
3136 4507 3303 4561 αὐτὸν
3334 4486 3422 4563 τά
3473 4486 3780 4584 παρὰίτῶν

486 4589 715 4651 dixisse,
749 4584 793 4640 0
832 4585 1013 4649 beato,
1052 4595 1106 4637 tu
1137 4584 1259 4653 quis
1287 4598 1342 4636 es
1365 4580 1455 4651 qni
1483 4579 1807 4648 respondeas
1835 4577 1983 4632 Deo!
2009 4578 2078 4632 ad

485 4679 745 4735 solvenda
794 4675 1233 4733 adversariorum
1274 4674 1527 4743 objecta,
1566 4672 1661 4726 sed
1712 4669 2073 4741 objurgaudo,

485 4768 821 4840 increpando
848 4778 903 4823 et
945 4768 1354 4825 accusationem
1396 4767 1466 4818 ab
1499 4765 1630 4834 ipsis
1669 4765 1724 4819 in
1758 4766 1926 4820 Deum
1958 4762 2076 4821 il|a«

484 4872 595 4916 tam
650 4858 1045 4932 propemodum
1103 4855 1534 4913 contirmavisse.
1599 4853 1658 4909 Si
1707 4856 1910 4910 etenim
1971 4870 2075 4909 non

484 4953 666 5010 reddit
711 4951 979 5010 rationem
1029 4951 1096 5006 de
1145 4949 1250 5002 hac
1302 4962 1397 5014 re,
1453 4947 1550 5002 sed
1602 4955 1931 5017 potestatem
1977 4944 2075 5002 Dei

485 5047 677 5118 optimi
729 5045 1018 5119 proponit,
1074 5038 1326 5098 confutat
1373 5041 1787 5107 adversariam;
1840 5039 1885 5095 si
1937 5052 2075 5094 vero

484 5139 634 5195 illius
653 5137 1059 5195 conclusionem
1097 5134 1353 5197 admittit,
1385 5132 1678 5188 manilesto
1708 5132 2072 5201 deprehendi-

485 5240 576 5286 tur
610 5230 915 5287 concedere
951 5229 1095 5297 quod
1129 5227 1270 5282 Deus
1311 5239 1421 5281 non
1457 5226 1753 5281 secundum
1777 5222 2071 5293 justitiam,

483 5324 579 5379 sed
608 5337 678 5379 ex
708 5322 940 5378 arbitrio
969 5336 1053 5377 res
1085 5321 1351 5376 humanas
1390 5317 1688 5387 gubernat:
1719 5317 1839 5371 illos
1889 5324 2073 5374 autem

484 5416 683 5471 decere
727 5423 1016 5471 contentos
1071 5427 1193 5470 esse
1235 5412 1320 5468 his
1344 5426 1465 5483 quze
1513 5412 1582 5467 de
1637 5411 1744 5465 illis
1801 5407 2073 5479 disposuit

485 5507 647 5573 Deus,
681 5508 827 5565 sicut
854 5520 983 5562 vasa
1019 5522 1050 5563 a
1088 5506 1269 5577 llgulis
1295 5507 1443 5573 ticta,
1478 5514 1531 5560 et
1566 5519 1672 5559 non
1700 5501 1907 5572 judicio
1945 5510 2077 5557 con-’

478 5613 705 5671 tendere
732 5618 918 5667 centra
957 5625 1079 5666 eum
1126 5610 1218 5681 qui
1265 5607 1389 5661 illos
1435 5606 1609 5660 malos
1646 5606 1811 5668 iecit;
1855 5611 1911 5657 et
1940 5604 2062 5659 illos

476 5703 673 5763 deinde
710 5687 1004 5773 exprobrat
1047 5702 1175 5772 quia
1210 5699 1337 5755 mali
1372 5707 1520 5753 sunt.
1554 5695 1658 5763 9τά
1688 5694 1814 5750 talia
1851 5694 2059 5761 dicunt,

2182 4584 2444 4638 ἐναντίοιν
2476 4589 2866 4662 προϐλήματα,
2904 4593 2964 4646 τὺ
2996 4597 3329 4669 Μενοῦνγε,
3369 4594 3417 4655 ὦ
3461 4600 3778 4672 ἄνθρωπε,

2179 4675 2263 4729 σὺ
2292 4675 2386 4743 τίς
2413 4672 2479 4731 εἷ’
2511 4678 3104 4753 ἀνταποκρινόμενος
3135 4687 3216 4754 τῷ
3251 4688 3373 4756 Θεῷ
3385 4707 3405 4756 ;
3440 4691 3653 4767 ἔφησαν
3693 4697 3778 4749 εί-

2180 4770 2436 4842 ρηκέναι,
2465 4771 2585 4825 ἀλλ’
2608 4776 2950 4848 ἐπιτιμῶντα
2974 4780 3069 4833 καὶ
3096 4781 3525 4855 ἐπιπλήττοντα,
3553 4787 3649 4842 καὶ
3675 4806 3781 4858 μο-

2177 4863 2331 4915 νονοὺ
2365 4861 2692 4933 βεϐαιοῦντα
2712 4867 2775 4921 τὸ
2802 4868 2880 4941 τῷ
2909 4869 3029 4941 Θεῷ
3058 4874 3188 4947 παρ’
3226 4875 3454 4933 ἐκείνων
3488 4880 3779 4953 ἐπαγόμε-

2177 4967 2269 5006 νον
2314 4956 2704 5029 κατηγόρημα.
2754 4960 2821 5014 Et
2875 4963 2983 5036 γάρ
3020 4966 3122 5020 οὐκ
3157 4969 3452 5023 ἀποδίδωσι
3482 4970 3643 5042 λόγον
3674 4974 3775 5029 τοῦ

2176 5047 2526 5118 πράγματος,
2564 5050 2701 5106 ἀλλὰ
2730 5053 2798 5107 τὰ
2818 5054 2921 5126 ’τῆς
2954 5057 3205 5123 ἐξουσίας
3239 5061 3478 5133 χρηστοῦ
3507 5063 3605 5118 τοῦ
3632 5065 3773 5119 Θεοῦ

2176 5145 2617 5216 προτεινόμενος,
2676 5148 3023 5219 ἐπιστομίζει
3075 5150 3169 5206 τὸν
3230 5154 3631 5225 ἀντιλέγοντα·
3688 5158 3773 5229 τῷ

2171 5234 2383 5289 ἐκείνου
2408 5237 2551 5310 λόγῳ
2583 5240 2913 5312 συντρέχων,
2941 5243 3129 5315 σαφῶς
3158 5242 3446 5317 ἐλέγχεται
3477 5250 3774 5320 συνομολο-

2172 5327 2292 5393 γεῖν
2315 5329 2378 5381 οὐ
2401 5325 2648 5397 δικαίως,
2686 5332 2802 5385 ἀλλ’
2841 5334 3102 5406 αὐθεντίᾳ
3135 5335 3227 5391 τὸν
3266 5337 3401 5393 Θεὸν
3435 5337 3506 5393 τὰ
3554 5322 3774 5411 ἀνθρὼ-

2174 5430 2305 5469 πινα
2332 5418 2595 5490 πράττειν
2628 5439 2640 5451 ’
2678 5426 2792 5486 τοῖς
2818 5424 2897 5491 δὲ,
2938 5428 3242 5500 προσήκειν
3285 5431 3462 5501 ἡσυχῆ
3512 5433 3774 5505 στέργειν

2172 5504 2321 5570 ὅπως
2352 5509 2421 5562 ἂν
2448 5509 2561 5580 ἔχοι
2584 5512 2653 5567 τὰ
2680 5514 2801 5567 κατ’
2831 5516 3052 5591 αὐτοὺς,
3087 5520 3337 5586 ἐοικότας
3361 5525 3474 5587 τοῖς
3500 5504 3621 5577 ὑπο
3654 5542 3772 5579 των

2166 5609 2459 5679 κεραμέων
2496 5620 2893 5685 πλαττομένοις
2916 5633 3158 5675 σκευεσιι⁸
3246 5621 3307 5675 οὐ
3339 5621 3764 5689 διαδικάζεσθαι

2166 5698 2302 5790 πρὸς
2330 5700 2423 5753 τὸν
2445 5701 2929 5780 δημιουργήσαντα
2969 5703 3211 5781 φαύλους
3247 5730 3261 5746 ο
3298 5709 3416 5769 εἶτα
3448 5715 3582 5771 διότι
3612 5717 3764 5790 φαῦ-

476 5800 525 5856 si
577 5798 712 5856 nihil
754 5796 922 5866 aliud,
969 5795 1102 5856 illud
1137 5793 1330 5854 saltem
1381 5791 1691 5863 intelligere
1732 5787 2059 5884 debuerunt,

2178 5796 2245 5845 tat
2279 5794 2651 5868 μεμφόμενον.
2681 5799 2790 5868 υῦς
2829 5804 2878 5858 εί
2908 5805 3079 5877 μηδὲν
3103 5804 3234 5863 ἄλλο
3260 5806 3370 5867 τῶν
3398 5807 3557 5883 ὅλων,
