4086 6422
413 402 544 466 I709

1433 405 1894 467 FRAGMENTA
1940 409 2019 468 IN
2056 409 2292 470 EPIST.
2336 414 2436 473 AD
2477 413 2658 473 R031.

3532 411 3665 482 1710

405 521 528 588 γοῦν
567 521 733 590 ἐχρῆν
786 519 1036 583 συνιδεῖν,
1090 518 1166 581 ώς
1210 519 1368 589 εἴπερ
1407 520 1433 572 δ
1483 519 1808 582 Ἀπόστολος
1857 520 1972 589 iga-zi-

2089 523 2256 593 quod,
2291 523 2334 578 si
2361 522 2635 594 ap05tolus
2665 522 2882 592 quidem
2908 525 3243 594 praevidisscl
3269 541 3326 581 sc
3353 543 3456 584 non
3482 543 3660 599 posse.

406 629 564 666 στατο
632 611 706 682 μὴ
765 610 1102 681 δυνάμενος,
1162 609 1302 662 κατὰ
1358 610 1448 662 τὸν
1511 609 1670 678 λόγον
1730 610 1978 674 ἐκείνων,

403 702 709 772 ἀπαντῆσαι
735 705 857 766 ταῖς
901 702 1198 774 προτάσεσι
1249 701 1500 765 ταύταις,
1545 703 1645 755 οὐκ
1699 701 1766 756 ἂν
1813 703 1982 767 αὐτὰς

403 792 743 862 προύϐάλετο
775 793 874 856 τὰς
903 793 1100 862 ἀρχάς.
1145 793 1219 847 Οὐ
1259 791 1360 862 γὰρ
1399 794 1493 844 καὶ
1523 791 1680 845 τοῦτο
1708 793 1981 861 δήπουθεν

401 884 670 955 ἠδύνατο·
705 885 815 938 οὐδ’
845 887 912 939 ἂν
967 886 1132 948 αὐτὸς
1183 883 1356 947 λαϐὰς
1400 885 1479 947 είς
1532 885 1832 939 κατάλυσιν
1885 885 1980 938 τοῦ

404 978 536 1031 ἰδίου
568 978 928 1049 κηρύγματος
957 981 1069 1042 τοῖς
1101 977 1420 1041 ἀντιπάλοις
1476 977 1788 1049 παρείχετο,
1843 977 1980 1032 καθ-

399 1072 542 1142 άπερ
567 1071 638 1125 τὰ
681 1071 927 1134 ἐκείνων,
983 1071 1044 1124 ού
1075 1071 1143 1124 τά
1189 1073 1368 1124 οἰκεῖα
1420 1071 1805 1144 προῃρημένος
1859 1089 1982 1125 συν-

400 1167 552 1235 ιστᾷν
588 1181 603 1196 ·
631 1163 792 1218 τοῦτο
817 1164 927 1234 γὰρ
962 1165 1071 1219 οὐδ’
1109 1164 1174 1219 ἂν
1199 1165 1402 1220 ἔπαθεν
1437 1165 1465 1217 ὁ
1521 1164 1740 1218 πάντων
1791 1165 1984 1234 εύηοέ-

397 1272 610 1326 στερος.
636 1256 777 1310 Ἀλλ’
803 1257 900 1327 ούχ
929 1256 1102 1320 οὕτως
1133 1257 1266 1328 ἔχει.
1300 1255 1672 1327 Τεθαρρηκὼς
1695 1255 1774 1321 δὲ,
1800 1252 1980 1327 οἶμαι,

395 1346 620 1418 Χριστῷ
675 1348 772 1401 καὶ
821 1351 886 1418 τῇ
935 1348 1162 1420 ἀληθεία
1213 1347 1553 1419 συνηγορῶν,
1584 1347 1842 1418 οὐδεμίαν
1871 1352 1984 1413 τοῖς

397 1441 667 1502 ἐναντίοις
712 1440 1040 1494 ὑπελείπετο
1083 1442 1390 1512 πρόσφασιν
1426 1455 1440 1469 ·
1501 1437 1616 1492 ἀλλ’
1654 1439 1844 1510 ῶσπερ
1875 1440 1982 1492 τῶν

393 1533 573 1586 ἄλλων
604 1534 833 1587 ἁπασῶν
856 1533 1205 1600 ἀντιθέσεων,
1237 1532 1380 1586 οὕτω
1413 1531 1507 1586 καὶ
1529 1532 1736 1601 ταύτης
1766 1533 1982 1602 ἰσχυρο-

391 1623 562 1694 τέραν
587 1624 887 1694 ἐποιήσατο
915 1623 1014 1695 τὴν
1049 1623 1352 1695 ἀναίρεσιν,
1383 1622 1605 1676 καὶτῶν
1644 1622 1857 1693 βλασφή
1867 1641 1984 1693 μων

391 1713 729 1784 ἀπορράψας
782 1715 853 1765 τὰ
909 1713 1182 1784 στόματα,
1236 1713 1580 1784 προσεπάγει
1625 1711 1835 1777 τούτοις
1889 1713 1984 1766 κοιλ¹

303 1847 310 1853 .
391 1804 584 1876 ἕτερον
627 1806 690 1859 ἐκ
732 1806 1184 1876 παραδείγματος
1209 1805 1288 1876 τῷ
1316 1805 1606 1876 πράγματι
1643 1805 1980 1877 προσφυοῦς,

2085 615 2382 669 secundum
2433 614 2676 684 ipsorum
2719 613 3152 684 allirmationem,
3205 619 3343 675 tales
3390 620 3661 680 sustinere

2086 707 2506 776 propositiones,
2557 721 2663 762 non
2718 709 2830 777 ipse
2876 708 3081 777 primus
3126 711 3268 766 hanc
3309 713 3662 781 qumstionetn

2085 796 2492 865 pr0posuisset;
2538 797 2640 853 hoc
2691 797 2836 852 enim
2891 798 3039 854 nullo
3082 799 3244 857 modo
3288 811 3521 872 poterat,
3557 819 3661 866 non

2086 891 2201 959 ipse
2243 889 2571 945 adversariis
2613 905 2778 948 ansas
2820 889 3138 962 prazbuisset
3183 893 3235 947 in
3279 893 3494 949 ruinam
3536 911 3665 966 pro-

2086 981 2216 1050 priae
2239 982 2664 1052 prtedicationis,
2690 983 2843 1052 quasi
2870 993 3052 1052 partes
3075 986 3532 1055 adversariorum,
3555 1005 3662 1045 non

2086 1073 2354 1142 proprias,
2409 1074 2684 1136 sustinere
2729 1089 3070 1146 prOponcns;
3128 1076 3270 1145 quod
3319 1093 3424 1134 non
3481 1088 3665 1154 ageret

2086 1165 2364 1219 hominum
2405 1165 2566 1220 etiam
2611 1165 2990 1224 stultissimus.
3039 1166 3148 1222 Sed
3192 1183 3283 1224 res
3328 1184 3434 1224 non
3485 1170 3559 1228 ita
3602 1184 3662 1224 se

2088 1256 2268 1310 habet.
2308 1254 2413 1310 Sed
2449 1257 2687 1326 Christo,
2735 1267 2792 1312 ut
2826 1266 2978 1328 puto,
3016 1260 3256 1316 conﬁsus
3289 1269 3343 1315 et
3375 1261 3660 1320 veritatem

2087 1363 2462 1418 propugnans,
2513 1349 2718 1402 nullam
2754 1350 3086 1406 adversariis
3140 1351 3364 1426 reliquit
3419 1355 3666 1412 occasio-

2088 1454 2248 1506 nem;
2299 1439 2393 1493 sed
2445 1439 2902 1509 quemadmodum
2957 1440 3198 1496 omnium
3248 1442 3475 1497 aliarum
3522 1444 3668 1514 obje-

2086 1527 2329 1582 ctionum
2357 1529 2429 1583 ita
2460 1539 2515 1583 et
2553 1528 2779 1599 hujusce
2810 1529 3199 1586 validissimam
3233 1531 3663 1588 conl‘utationcin

2087 1620 2304 1687 attulit;
2338 1631 2392 1676 et
2438 1636 2534 1676 ore
2567 1621 3010 1692 blasphcmorum
3057 1624 3332 1691 obturato,
3380 1624 3525 1679 aliud
3577 1626 3663 1679 in-

2087 1713 2234 1768 ducit
2265 1728 2329 1768 ex
2360 1714 2609 1783 exemplo
2649 1714 2726 1770 rei
2763 1725 2911 1785 apto,
2944 1715 3258 1785 opinionem
3303 1716 3519 1771 illorum
3558 1734 3668 1773 ma-

2087 1807 2168 1873 gis
2217 1822 2280 1860 ac
2341 1809 2513 1878 magis
2562 1809 2888 1864 subvertcns
2937 1808 3330 1880 stabiliensque
3380 1810 3663 1880 pietatem.

388 1896 452 1951 τὸ
486 1897 587 1968 μὲν
614 1897 839 1951 ἐκείνων
868 1898 962 1951 ἐπὶ
1007 1897 1170 1950 πλέον
1218 1897 1542 1968 ἀνατρέπων
1593 1897 1870 1968 φρόνημα,
1923 1897 1972 1950 τί

2091 1896 2401 1966 Numquid,
2457 1900 2566 1964 ait,
2614 1900 2750 1954 dicet
2799 1901 3104 1969 ﬁgmentum
3148 1901 3195 1954 ei
3234 1903 3322 1970 qui
3367 1919 3420 1957 sc
3455 1903 3613 1971 ﬁnxit
3645 1922 3666 1960 :

390 1987 448 2041 δὲ
511 1988 735 2053 εὐσεϐὲς
786 1988 1064 2052 συνιστάς.
1099 1988 1196 2056 Μὴ
1238 1987 1377 2057 ἐρεῖ,
1414 1989 1599 2058 φησιν,
1633 1989 1697 2042 τὸ
1729 1988 1982 2058 πλάσμα

390 2080 474 2146 τῷ
511 2078 840 2146 πλάσαντι,
874 2082 936 2135 Τί
963 2097 1040 2151 με
1069 2081 1363 2147 ἐποίησας
1393 2081 1613 2146 οὕτως;
1663 2081 1819 2135 Οὕτω
1861 2082 1980 2152 μὲν,

390 2172 580 2243 φησιν,
618 2173 784 2237 αὐτὸς
819 2174 911 2242 ὑφ’
949 2171 1146 2226 ἑαυτοῦ
1177 2172 1526 2244 διηλέγχθης.
1562 2173 1982 2244 Ἀνθιστάμενος

386 2264 447 2317 δὲ
473 2265 726 2333 ἐγκαλεῖς
775 2264 936 2335 Θεῷ,
998 2264 1092 2317 καὶ
1149 2263 1355 2332 λέγεις,
1395 2265 1458 2318 Τί
1503 2264 1592 2318 ἔτι
1641 2263 1936 2334 μέμφεται
1963 2283 1981 2329 ;

388 2356 581 2410 Ταῦτα
610 2358 745 2428 πρὸς
777 2357 955 2422 τοῦτο,
1003 2355 1088 2422 Τῷ
1118 2355 1228 2426 γὰρ
1249 2357 1596 2426 ,βουλήματι
1648 2355 1837 2410 αὐτοῦ
1892 2357 1983 2422 τίς

383 2447 810 2516 ἀνθέστηκενς
841 2447 1137 2515 ἀντειπὼν,
1191 2446 1486 2519 ἐρμηνεύει
1527 2447 1838 2502 λοιπὺνκαὶ
1874 2448 1984 2502 τῶν

385 2539 762 2609 προτεθεισῶν
821 2541 1035 2611 ῥήσεων
1080 2539 1172 2593 τὸν
1226 2536 1433 2593 σκοπόν
1466 2555 1481 2568 ·
1537 2532 1615 2592 ὧν
1668 2541 1725 2591 ἐν
1774 2540 1875 2610 μὲν
1914 2543 1980 2610 τῇ

379 2631 528 2701 πρὸς
564 2633 655 2685 τἰν
698 2635 940 2687 Medias:
974 2631 1230 2704 δηλοῦται
1280 2631 1688 2702 φιλάνθρωπος,
1743 2633 1800 2684 ἐν
1831 2633 1885 2686 δὲ
1915 2636 1979 2703 τῇ

383 2723 527 2793 πρδς
568 2723 659 2778 τὸν
692 2724 916 2794 Φαραὼ,
951 2723 1330 2794 τιμωρητικδς
1361 2723 1390 2774 ὁ
1425 2722 1557 2784 Θεός
1602 2727 1620 2744 '
1661 2727 1676 2743 '
1717 2727 1733 2743 ‘

463 2833 484 2866 ι
523 2814 630 2878 Οὓς
684 2816 780 2868 καὶ
808 2817 1071 2869 ἐκάλεσεν
1110 2819 1258 2887 ἡμᾶς
1286 2817 1350 2869 ού
1388 2817 1552 2886 μόνον
1581 2817 1640 2882 ἐξ
1687 2819 1976 2885 Ἰουδαίων,

379 2906 525 2959 ἀλλα
559 2908 655 2961 καὶ
687 2907 749 2972 ἐξ
786 2908 977 2962 ἐθνῶν.
1015 2927 1037 2961 ι

455 2998 720 3052 Βούλεται
753 3000 935 3053 τοίνυν
969 3002 998 3054 ὁ
1041 2999 1258 3065 Παῦλος
1287 3003 1464 3055 εἰπεῖν
1507 3003 1565 3056 ἐν
1607 3003 1840 3068 τούτοις,
1894 3005 1975 3058 ὅτι

379 3089 508 3144 λίαν
543 3089 765 3160 είρηται
789 3091 1055 3146 κάλλιστα
1086 3093 1224 3163 πρός
1255 3109 1314 3145 τε
1335 3096 1427 3146 τὸν
1449 3094 1675 3148 Μωσὲα·
1719 3095 1977 3163 Ἐλεήσω

379 3181 460 3235 ὃν
511 3181 588 3235 ἂν
627 3181 798 3249 ἐλεῶ,
843 3181 944 3236 καὶ
968 3184 1321 3252 οἰκτειρήσω
1351 3185 1424 3239 ὃν
1456 3183 1533 3238 ἂν
1559 3187 1850 3255 οικτειζοιιν
1881 3189 1976 3240 καὶ

381 3273 526 3344 πρὺς
553 3273 648 3327 τὸν
668 3273 891 3346 ⁴Ιιαραὼ,
923 3275 1004 3340 τὸ,
1041 3278 1143 3342 Εἰς
1172 3277 1320 3331 αὐτὸ
1358 3277 1534 3334 τοῦτο
1565 3277 1841 3349 ἐξήγειρά
1877 3295 1970 3344 σε,

381 3362 548 3430 ὅπως
589 3363 944 3434 ἐνδείξωμαι
972 3365 1042 3418 ἐν
1071 3367 1171 3420 σοὶ
1198 3367 1312 3436 τὴν
1334 3367 1598 3438 δύναμιν
1619 3386 1760 3438 μου.
1789 3370 1974 3424 Θέλων

379 3455 514 3526 γὰρ,
569 3455 725 3526 φησὶ,
766 3456 796 3508 ὁ
834 3455 969 3518 Θεὸς
999 3457 1278 3526 γνώριμον
1311 3458 1486 3512 ἅπασι
1518 3459 1616 3529 τὴν
1641 3461 1852 3514 οἰκείαν
1883 3462 1975 3532 ἐρ-

379 3547 661 3613 γάσασθαι
691 3547 944 3615 δύναμιν,
989 3547 1110 3616 μεθ’
1147 3544 1214 3619 ἧς
1243 3550 1369 3612 τοὺς
1403 3550 1508 3620 μὲν
1567 3549 1739 3622 ὀργῆς
1790 3552 1974 3618 ἀξίους

377 3637 630 3704 κολάσει,
661 3638 787 3701 τοὺς
821 3637 878 3689 δὲ
915 3637 1238 3708 οίκτιρμῶν,
1269 3638 1484 3710 ἐλεήσει
1516 3657 1529 3670 ο
1563 3639 1632 3693 τὰ
1677 3641 1820 3694 κατὰ
1845 3644 1972 3705 τοὺς

375 3728 718 3796 Αἰγυπτίους
775 3729 1019 3792 καὶτοὺς
1060 3730 1402 3801 Ἰσραηλίτας
1447 3733 1969 3803 ἐπραγματεύσατο,

375 3820 732 3874 διδασκαλίαν
759 3821 859 3891 τῆς
896 3821 1107 3886 οἰκείας
1146 3822 1570 3894 δικαιοκρισίας,
1608 3825 1816 3896 ταύτην
1858 3843 1971 3879 κοι-

373 3909 482 3981 νὴν
506 3909 584 3981 τῷ
609 3911 800 3983 κόσμῳ
823 3910 1067 3981 προθείς.
1099 3913 1362 3985 Παμπονή
1374 3931 1482 3984 ρων
1505 3916 1613 3987 γὰρ
1651 3917 1747 3970 καὶ
1779 3917 1969 3970 δυσσε-

371 4002 496 4056 ϐῶν
539 4002 708 4056 ὄντων
751 4002 860 4056 τῶν
902 4004 1032 4073 περὶ
1083 4006 1176 4057 τὸν
1219 4005 1445 4076 Φαραὼ,
1485 4007 1580 4060 καὶ
1605 4007 1704 4078 τὴν
1733 4008 1970 4078 ἐσχάτην

367 4097 538 4165 δίκην
585 4097 877 4164 ὑπομεῖναι
911 4096 1162 4163 δικαίων,
1200 4097 1552 4171 μακροθυμίᾳ
1581 4100 1681 4170 μὲν
1716 4099 1814 4172 τὴν
1845 4101 1970 4154 κατ’

367 4189 560 4245 αὐτῶν
593 4187 892 4242 ἀνεϐάλετο
938 4189 1234 4259 τιμωρίαν,
1276 4189 1370 4242 καὶ
1414 4193 1792 4262 συνεχώρησεν
1823 4191 1969 4262 ὑψω-

367 4280 540 4350 Θῆναι
579 4277 723 4332 κατὰ
747 4276 844 4331 τοῦ
879 4276 1010 4330 ἰδίου
1038 4275 1192 4331 λαοῦ.
1226 4277 1634 4346 Περιὸλέπτους
1660 4279 1717 4332 δὲ
1740 4279 1834 4332 καὶ
1867 4296 1965 4332 πε-

368 4370 669 4443 ριϐοήτους
703 4369 805 4440 ἤδη
843 4369 912 4422 δι’
948 4368 1214 4440 ὠμότητα
1249 4371 1648 4435 καταστάντας,
1700 4371 1966 4442 ἐμφανῶς

363 4460 713 4524 ἀπολώλεκε,
751 4460 937 4515 καὶτὸ
969 4460 1078 4514 τῶν
1129 4462 1482 4532 Ἰσραηλιτῶν
1529 4463 1782 4530 ἐλεήσας,
1828 4479 1964 4514 παν-

2089 1989 2230 2053 Quid
2289 2007 2370 2044 me
2423 1991 2592 2060 fecisti
2626 1992 2744 2045 sic?
2791 1992 2904 2058 Sic,
2959 1992 3156 2062 inquit,
3211 2003 3264 2048 tu
3311 2009 3339 2048 a
3380 1997 3667 2066 tentetipso

2087 2081 2452 2150 redargueris.
2511 2081 2718 2137 Contra
2782 2083 2950 2138 Deum
3018 2099 3147 2140 vero
3204 2085 3446 2150 sistens,
3498 2089 3663 2146 Deum

2085 2187 2310 2228 accusas
2365 2181 2418 2225 et
2469 2173 2813 2238 diciszﬂuid
2859 2174 3031 2228 adhuc
3081 2177 3444 2245 reprehendit?
3488 2177 3662 2235 .Vcrba

2088 2264 2199 2320 haec
2231 2280 2328 2334 pro
2381 2263 2646 2320 Voluntati
2687 2269 2823 2320 enim
2851 2265 2963 2335 ejus
3000 2269 3113 2338 quis
3152 2270 3386 2325 resistit?
3417 2273 3667 2348 ponendo

2089 2357 2375 2410 verborum
2404 2357 2819 2424 praecedentium
2842 2373 3059 2414 sensum
3086 2359 3511 2431 interpretatur;
3542 2363 3669 2432 qui-

2086 2446 2186 2501 bus
2215 2447 2265 2500 in
2307 2447 2524 2515 Moysen
2557 2447 2775 2518 quidem
2812 2448 2952 2504 Deus
2978 2451 3297 2507 misericors
3333 2454 3665 2521 ostenditur,

2087 2536 2139 2590 in
2167 2535 2508 2593 Pharaonem
2538 2548 2716 2592 autem
2747 2539 2978 2594 acerbus
3014 2543 3031 2561 '
3071 2544 3088 2562 '
3130 2545 3148 2566 '

2158 2816 2322 2872 Vens.
2359 2816 2449 2869 ιιι.
2499 2835 2518 2867 ι
2548 2817 2696 2886 Quos
2739 2825 2794 2872 et
2841 2818 3055 2872 vocavit
3101 2833 3197 2874 nos
3246 2835 3352 2884 non
3377 2820 3550 2888 solum
3597 2837 3665 2879 ex

2081 2906 2304 2974 Jmla'is,
2337 2908 2429 2962 sed
2461 2909 2625 2962 etiam
2657 2924 2721 2963 ex
2748 2909 3019 2979 gentibus.
3051 2926 3070 2960 ι

2155 2999 2352 3055 l’aulus
2383 3001 2547 3071 igitur
2575 3001 2660 3056 his
2699 3004 2926 3055 innuere
2959 3002 3194 3057 intendit
3231 3003 3432 3074 optime
3461 3004 3664 3070 dictum

2083 3091 2250 3146 fuisse
2275 3091 2443 3163 Moysi
2479 3107 2492 3144 :
2526 3091 2810 3146 Miserebor
2835 3092 2988 3160 cujus
3012 3093 3262 3146 misereor
3287 3104 3334 3150 et
3362 3095 3664 3150 misericor-

2079 3187 2224 3240 diant
2294 3185 2555 3256 prwstabo
2615 3186 2768 3257 cujus
2839 3187 3168 3254 miserebor;
3223 3199 3279 3243 et
3333 3187 3664 3248 Pharaoni:

2076 3276 2143 3332 In
2169 3277 2265 3330 hoc
2308 3279 2478 3348 ipsum
2513 3279 2735 3334 excitavi
2760 3288 2828 3344 le,
2865 3289 2918 3332 ut
2953 3279 3225 3340 ostendam
3257 3281 3381 3336 inte
3419 3282 3663 3336 virtutem

2075 3379 2266 3418 meam.
2310 3363 2448 3419 Nam
2482 3366 2596 3420 vult
2631 3367 2791 3433 Deus,
2829 3367 3027 3438 inquit,
3063 3370 3316 3428 omnibus
3360 3381 3546 3427 notam
3577 3371 3661 3425 [ι-

2076 3469 2201 3510 cere
2243 3457 2536 3524 potentiam
2569 3473 2748 3523 suam,
2791 3473 2894 3528 qua
2929 3459 3065 3514 alios
3098 3459 3320 3529 quidem
3363 3463 3440 3518 ira
3477 3464 3667 3540 dignos

2075 3561 2232 3614 poena
2272 3548 2488 3617 aﬂiciet,
2524 3550 2755 3603 aliorum
2782 3567 2910 3605 vero
2945 3551 3261 3608 misericors
3291 3555 3662 3625 miserebitur,

2074 3638 2218 3705 quod
2266 3638 2321 3692 in
2373 3638 2662 3709 Egyptios
2711 3651 2765 3695 ct
2796 3639 3071 3697 lsraelitas
3121 3653 3378 3713 cperatus
3425 3657 3530 3715 est,
3567 3647 3666 3703 do-

2074 3725 2460 3795 ctrinamjusti
2487 3729 2677 3796 judicii
2709 3745 3054 3785 communem
3094 3733 3296 3786 mundo
3329 3750 3659 3804 proponens.

2074 3817 2210 3869 Nam
2267 3817 2321 3870 in
2384 3819 2549 3871 multa
2599 3819 2857 3886 patientia
2917 3820 3130 3874 distulit
3207 3835 3425 3891 poenam
3481 3829 3658 3897 populi

2072 3908 2375 3964 Pharaonis
2400 3911 2642 3980 perversi
2677 3921 2732 3966 et
2763 3911 2910 3982 impii
2945 3912 3200 3984 dignique
3228 3913 3318 3990 qui
3349 3929 3658 3985 supremam

2071 3999 2282 4055 subiret
2339 4002 2705 4068 sententiam;
2760 4002 2909 4056 illum
2959 4017 3119 4074 supra
3163 4006 3442 4075 proprium
3489 4024 3662 4082 popu-

2073 4091 2178 4146 lum
2213 4093 2462 4162 permisit
2494 4093 2703 4148 extolli.
2749 4093 2852 4148 Sed
2899 4104 3183 4164 postquam
3234 4097 3559 4167 conspicuus
3594 4101 3655 4155 il-

2071 4185 2367 4253 lustrisque
2417 4185 2528 4256 jam
2587 4199 2684 4255 per
2730 4185 2994 4239 saevitiam
3054 4184 3281 4240 cﬂ‘ectus
3347 4171 3453 4254 est,
3507 4189 3656 4245 illum

2070 4285 2256 4345 aperte
2299 4277 2608 4343 destruxit;
2648 4285 2700 4330 et
2734 4276 3045 4330 universum
3081 4275 3450 4333 lsraclitarum
3484 4297 3658 4352 popu-

2070 4367 2178 4420 lum
2230 4368 2488 4422 misertns
2536 4369 2794 4422 servavit.
2849 4366 3001 4422 Talis
3034 4379 3117 4424 est
3165 4371 3318 4425 verbi
3369 4375 3656 4439 apostolici

2066 4472 2281 4513 sensus.
2325 4459 2430 4514 Sed
2460 4459 2532 4514 illi
2569 4461 2719 4514 deest
2755 4468 2816 4514 ut
2852 4458 2926 4514 sit
2956 4459 3308 4530 completum,
3351 4473 3407 4517 lu
3444 4464 3541 4517 hoc
3570 4481 3656 4518 re-

361 4554 539 4625 δημεὶ
581 4551 882 4606 διεσώσατο
919 4553 1100 4620 γένος.
1140 4552 1292 4624 Αὕτη
1336 4554 1435 4624 μὲν
1470 4555 1570 4624 τῆς
1597 4554 1957 4625 ἀποστολικῆς

2076 4552 2365 4616 nrehendis,
2385 4561 2446 4606 ut
2473 4553 2542 4606 sit
2571 4567 2764 4607 sensus
2793 4551 3095 4621 completus
3136 4553 3440 4622 hujnsmodi
3463 4573 3477 4609 :
3502 4554 3656 4621 Quod

365 4651 592 4719 ρήσεως
613 4647 646 4716 ἡ
670 4647 906 4700 διάνοια.
930 4645 1102 4697 Ἐνδεῖ
1125 4645 1182 4699 δὲ
1215 4647 1353 4717 αὐτῇ
1380 4646 1514 4718 πρὸς
1543 4645 1761 4716 άποπλή
1773 4662 1958 4714 ρωσιν,

362 4743 433 4795 τὸ
463 4739 642 4794 τοῦτο
675 4739 918 4808 μέμφῃ·
954 4738 1042 4791 ἕνα
1177 4739 1422 4792 τοιοῦτον
1469 4737 1528 4792 τδ
1573 4740 1684 4791 πᾶν
1717 4753 1732 4769 ’
1778 4740 1845 4791 El
1892 4738 1960 4790 δὲ

363 4833 564 4890 θέλων
587 4834 620 4886 ό
653 4831 799 4898 Θεὸς
832 4831 1217 4896 ἐνδείξασθαι
1242 4830 1357 4898 τὴν
1383 4829 1570 4899 ὀργήν
1616 4828 1716 4883 καί
1751 4831 1960 4897 γνωρί-

363 4940 476 4978 σαι
505 4923 571 4976 τὸ
605 4922 875 4976 δυνατὸν
913 4921 1124 4988 αὑτοῦ,
1175 4921 1434 4991 ἤνεγκεν
1475 4922 1547 4974 ἐν
1595 4919 1801 4988 πολλῇ
1840 4937 1957 4992 μα-

363 5015 666 5083 γροθυμίᾳ
699 5016 890 5081 σκεύη
939 5014 1125 5084 ὀργῆς
1183 5011 1626 5086 κατηρτισμένα
1671 5014 1759 5078 είς
1802 5009 1960 5065 ἀπώ-

364 5111 569 5170 λειαν,
632 5108 732 5160 καὶ
767 5107 868 5161 ἵνα
895 5107 1160 5176 γνωρίσῃ
1193 5106 1301 5159 τὸν
1328 5104 1600 5159 πλοῦτον
1628 5103 1736 5172 τῆς
1772 5103 1956 5169 δόξης

324 5231 326 5236 -
366 5199 560 5254 αὑτοῦ
588 5199 685 5253 ἐπὶ
711 5201 904 5268 σκεύη
927 5199 1164 5265 ἐλέους,
1198 5197 1235 5251 ἃ
1259 5197 1709 5266 προητοίμασεν
1736 5197 1827 5261 εἰς
1858 5196 1958 5250 δό-

368 5293 510 5354 ξαν,
531 5289 692 5343 τοῦτο
721 5293 1096 5361 κατηγορείς;
1134 5288 1438 5358 Πληρώσας
1487 5287 1670 5359 μέντοι
1709 5285 1777 5338 τὰ
1817 5284 1955 5354 πρὸς

364 5381 472 5452 τὴν
521 5381 804 5454 παροῦσαν
839 5381 1113 5436 ἀντίθεσιν
1159 5380 1287 5451 ἄχρι
1317 5379 1533 5443 τούτου,
1570 5377 1705 5449 πρὸς
1732 5375 1833 5450 τὴν
1863 5377 1956 5431 τοῦ

369 5474 691 5546 ζητήματος
727 5474 948 5545 ἔρχεται
981 5474 1158 5541 λύσιν,
1192 5471 1488 5527 ἀκόλουθον
1509 5475 1623 5533 τοῖς
1654 5469 1957 5542 προκειμέ-

367 5581 485 5630 νοις
533 5567 632 5638 τὴν
684 5568 798 5621 ἀπὸ
851 5569 951 5637 τῆς
1005 5566 1389 5638 παρενθέσεως
1434 5564 1696 5619 ἐπάνοδον
1726 5563 1863 5634 πρὸς
1889 5561 1958 5615 τὰ

365 5658 616 5730 πρότερα
665 5659 1059 5732 ποιησάμενος.
1105 5659 1290 5715 Εἰπὼν
1340 5658 1494 5752 γάιρί
1557 5659 1625 5714 ⁶Ἀ
1680 5656 1956 5726 προητοί-

428 5833 474 5866 ³⁸
499 5838 660 5897 Rom.
693 5857 768 5909 ιιι,
799 5841 890 5909 22,
925 5843 1015 5898 23.

2063 4645 2110 4697 si
2154 4643 2295 4698 Dens
2343 4644 2515 4698 volens
2564 4645 2834 4699 ostendere
2860 4653 2906 4698 et
2946 4655 3125 4698 notant
3163 4647 3338 4713 facere
3371 4651 3656 4716 potemiam

2062 4752 2237 4799 suam,
2269 4738 2520 4790 sustinuit
2556 4737 2608 4791 in
2649 4737 2816 4791 multa
2855 4739 3111 4807 patientia
3147 4755 3274 4792 vasa
3303 4739 3416 4803 iraa,
3448 4747 3570 4809 apta
3600 4741 3657 4794 in

2063 4828 2364 4894 interitum,
2407 4837 2455 4881 et
2503 4839 2557 4882 ut
2609 4830 2900 4883 ostenderet
2939 4828 3150 4883 divitias
3203 4829 3386 4899 gloria:
3431 4847 3541 4886 sua:
3593 4833 3648 4886 in

2065 4937 2190 4974 vasa
2215 4920 2616 4986 misericordia',
2646 4937 2764 4990 qua,
2787 4922 3103 4990 praeparavit
3131 4921 3183 4974 in
3209 4921 3451 4991 gloriam,
3488 4938 3650 4976 num-

2063 5015 2193 5084 quid
2231 5015 2333 5069 hoc
2363 5013 2760 5082 reprehendis?
2787 5013 3065 5068 Absolutis
3103 5028 3272 5082 usque
3300 5013 3404 5067 huc
3433 5029 3552 5085 qua:
3582 5019 3650 5070 ad

2066 5116 2388 5174 praesentem
2410 5104 2769 5173 objectionem
2789 5113 3060 5174 spectant,
3078 5105 3142 5158 ad
3161 5105 3484 5161 solutionem
3506 5123 3650 5182 qua:-

2067 5197 2262 5252 stionis
2287 5197 2486 5268 pergit,
2523 5205 2922 5265 consequenter
2955 5195 3197 5266 praefatis
3235 5210 3299 5249 ex
3335 5202 3646 5264 parenthesi

2065 5291 2131 5344 ad
2171 5291 2352 5360 priora
2388 5289 2625 5344 rediens.
2663 5286 2797 5341 Nam
2833 5303 2957 5342 cum
2999 5286 3136 5341 dixit
3169 5287 3302 5353 Qua:
3332 5292 3646 5357 pra’pararit

2056 5386 2110 5438 in
2143 5385 2391 5456 gloriam,
2418 5386 2561 5455 quod
2593 5385 2796 5439 dictum
2841 5391 2926 5437 est
2963 5383 3026 5438 dc
3051 5381 3272 5444 Judaeis,
3320 5383 3600 5454 subiunxit
3629 5406 3644 5441 :

2061 5477 2205 5542 Quos
2244 5489 2291 5544 et
2325 5479 2523 5530 rocavit
2557 5495 2648 5531 nos
2669 5493 2776 5540 non
2807 5474 2976 5529 solum
3007 5490 3070 5529 cx
3105 5474 3334 5537 Juda'is,
3368 5475 3458 5528 sed
3485 5479 3646 5532 etiam

2057 5585 2122 5626 ea:
2169 5570 2403 5640 gentibus
2428 5570 2512 5636 ²⁶;
2569 5571 2702 5624 adeo
2744 5575 2802 5621 ut
2855 5581 3001 5621 nune.
3053 5567 3442 5636 propemodum
3498 5567 3647 5624 dicat

2058 5660 2226 5714 Detttn
2255 5661 2401 5730 justo
2431 5659 2636 5731 judicio
2665 5669 2718 5715 et
2741 5658 3081 5728 praescientia
3118 5673 3214 5714 nos
3245 5659 3525 5718 vocavissc
3551 5662 3643 5732 qui
