4086 6458
333 389 463 457 I713

1352 395 1815 456 FRAGMENTA
1854 396 1933 455 ΙΝ
1972 397 2208 458 EPIST.
2252 397 2352 456 AD
2389 393 2575 456 R031.

3459 385 3597 451 17M

406 518 427 552 ι
460 497 628 563 Τέλος
656 498 761 571 γὰρ
791 498 952 570 νόμου
981 500 1216 571 Χριστὸς
1256 504 1336 566 εἰς
1360 502 1712 574 δικαιοσύνην
1749 503 1910 558 παντὶ
1941 558 1945 567 η

2090 503 2256 559 Vens.
2309 503 2361 559 ι.
2405 523 2424 556 ε
2458 502 2608 557 Finis
2653 498 2797 557 enim
2843 498 2980 572 legis
3014 498 3290 565 Christus,
3343 497 3599 568 adjusti-

333 590 406 662 τῷ
430 590 764 646 πιστεύοντι.
799 608 818 642 ι

401 682 613 736 Τελειοῖ
649 682 834 738 τοίνυν
867 684 960 738 τὸν
991 682 1087 738 τοῦ
1117 685 1285 756 νόμου
1316 684 1521 740 σκοπὸν
1561 685 1590 737 6
1630 687 1868 758 Χριστός
1894 703 1909 718 ο

333 774 419 829 διὰ
448 775 545 845 τῆς
571 775 659 830 ἐπ’
693 776 857 831 αὐτὸν
891 777 1128 841 πίστεως
1158 778 1256 849 τὴν
1284 778 1568 833 δικαίωσιν
1594 780 1706 842 τοῖς
1743 795 1913 849 προσ·

339 866 509 920 ιοῦσιν
546 867 700 938 αὐτῷ
730 870 868 923 πᾶσι
905 869 1276 940 δωρούμενος.

415 975 434 1010 ι
471 960 712 1029 Μωῦσῆς
738 959 846 1031 γὰρ
872 977 1075 1031 γραφει
1102 960 1203 1033 τὴν
1227 963 1292 1016 ὲκ
1329 961 1423 1016 τοῦ
1456 961 1625 1032 νόμου
1650 961 1918 1016 δικαιοσύ-

334 1067 454 1121 νην,
485 1051 568 1105 ὅτι
612 1051 642 1104 6
687 1052 924 1125 ποιήσας
953 1052 1095 1109 αὐτά
1121 1053 1435 1126 ἄνθρωπος,
1466 1053 1698 1124 ζήσεται
1729 1055 1787 1108 ὲν
1816 1054 1918 1109 αὐ-

334 1143 467 1205 τοῖς.
505 1162 526 1195 ι

418 1236 516 1290 Ἐκ
565 1236 912 1308 συγκρίσεως
941 1237 1001 1292 δὲ
1029 1238 1131 1309 τῆς
1178 1238 1318 1310 πρὸς
1350 1240 1444 1294 τὸν
1489 1240 1677 1310 νόμον,
1703 1239 1919 1303 δεικνὺς

336 1325 438 1396 τῆς
465 1326 692 1398 χάριτος
719 1326 782 1381 τὸ
807 1327 1115 1398 φιλότιμον.
1146 1327 1313 1397 λέγει,
1346 1328 1503 1399 φησὶ,
1527 1331 1557 1383 6
1586 1328 1813 1399 Μωσῆς,
1845 1328 1921 1398 μὴ

335 1419 603 1490 πρότερον
627 1420 686 1473 ὲν
708 1420 858 1490 νόμῳ
883 1419 1226 1474 δικαιοῦσθαι
1256 1438 1397 1487 τινα,
1428 1420 1536 1485 lto;
1565 1419 1636 1475 ἂν
1655 1418 1923 1491 πληρώσῃ

334 1511 403 1565 τὰ
436 1509 535 1564 τοῦ
566 1511 735 1581 νόμου
766 1510 989 1566 ἅπαντα
1021 1511 1491 1584 παραγγέλματα.

410 1621 431 1654 t
464 1603 591 1657 Ὅτι
619 1603 714 1658 ἰὰν
744 1603 1092 1676 ὁμολογήσῃς
1117 1607 1176 1657 ὲν
1204 1604 1283 1676 τῷ
1309 1604 1544 1675 στόματι
1580 1621 1677 1658 σου
1716 1602 1923 1675 Κύριον

346 1696 578 1765 Ἰησοῦν,
606 1697 702 1751 καὶ
732 1697 1029 1770 πιστεύσῃς
1050 1699 1108 1751 ὲν
1132 1700 1200 1769 τῇ
1232 1697 1432 1770 καρδίᾳ
1471 1713 1589 1761 σου,
1617 1698 1701 1750 ὅτι
1729 1698 1758 1749 ό
1789 1696 1925 1760 Θεὸς

335 1788 505 1842 αὐτὸν
531 1789 754 1861 ήγειρεν
777 1789 843 1843 ἐκ
877 1789 1114 1861 νεκρῶν,
1141 1790 1385 1863 σωθήσῃ.
1427 1809 1457 1842 ι·

2018 598 2145 653 tiam
2176 597 2323 654 omni
2355 593 2620 650 credenti.
2655 612 2673 647 ι

2086 689 2273 743 Finem
2308 688 2443 758 legis
2468 685 2970 758 perﬁcitChristus,
3000 701 3097 757 per
3125 684 3282 741 ﬁdem
3312 685 3364 739 in
3391 699 3448 739 se
3478 698 3598 739 om-

2017 781 2176 836 nibus
2199 781 2288 851 qui
2312 780 2377 834 ad
2405 779 2555 834 illum
2578 779 2846 835 accedunt
2874 778 3110 849 largiens
3126 776 3597 847 justilicationem.

2092 960 2255 1016 Vens.
2298 960 2353 1015 5.
2399 979 2417 1012 ι
2452 960 2665 1030 Moyses
2711 960 2856 1014 enim
2892 959 3114 1027 scripsit
3155 958 3408 1027 quoniam
3442 956 3603 1024 justi-

2023 1055 2153 1109 tiam
2212 1068 2332 1124 quae
2375 1069 2443 1110 ex
2495 1053 2612 1126 lege
2662 1060 2775 1120 est,
2826 1053 2918 1123 qui
2964 1050 3159 1107 fecerit
3210 1051 3406 1115 homo,
3457 1052 3604 1104 vivet

2022 1145 2076 1200 in
2114 1160 2200 1201 ea.
2233 1163 2253 1198 ι

2093 1239 2163 1293 At
2189 1252 2255 1294 ex
2291 1238 2699 1309 comparatione
2740 1253 2864 1293 cum
2909 1236 3049 1308 lege,
3077 1238 3372 1294 ostendens
3416 1235 3607 1305 gratiae

2022 1330 2446 1397 aemulationem,
2491 1330 2622 1385 dicit
2652 1328 2891 1401 Moyses,
2940 1330 3141 1399 inquit,
3182 1328 3459 1383 hominem
3500 1343 3606 1382 non

2022 1423 2172 1492 prius
2205 1422 2259 1477 in
2293 1421 2409 1494 lege
2444 1421 2732 1492 iustiﬁcari
2761 1438 2923 1494 quam
2965 1422 3148 1478 omnia
3177 1420 3311 1491 legis
3355 1420 3608 1475 mandata

2024 1513 2424 1583 adimpleverit.

2101 1606 2270 1663 Vens.
2307 1608 2359 1663 9.
2412 1626 2432 1659 ι
2461 1606 2617 1674 Quod
2644 1607 2690 1660 si
2721 1605 3039 1661 conﬁtearis
3076 1605 3128 1659 in
3174 1618 3269 1659 ore
3307 1612 3398 1658 tuo
3425 1602 3605 1656 Domi-

2026 1714 2155 1754 num
2182 1698 2389 1763 Jesum,
2432 1707 2489 1753 et
2530 1697 2583 1752 in
2612 1701 2776 1753 corde
2820 1706 2910 1752 tuo
2956 1697 3254 1752 credideris
3292 1696 3434 1766 quod
3469 1694 3607 1753 Deus

2028 1790 2177 1846 illum
2210 1791 2499 1846 suscitavit
2532 1805 2561 1844 a
2592 1789 2843 1856 mortuis,
2874 1789 3056 1843 salvus
3085 1788 3215 1842 eris.
3252 1807 3270 1841 ι

410 1882 594 1954 Ὅπερ
625 1882 808 1936 τοίνυν
839 1881 1058 1950 ἐλέγετο
1089 1883 1220 1955 περὶ
1263 1884 1362 1953 τῆς
1391 1881 1486 1937 τοῦ
1520 1882 1693 1951 νόμου
1718 1880 1918 1942 δόσεως

2091 1882 2249 1950 Quod
2305 1883 2472 1953 igitur
2522 1883 2589 1938 de
2637 1883 2728 1938 illo
2779 1885 2922 1937 dono
2973 1881 3106 1952 legis
3144 1882 3447 1946 dicebatur,
3507 1879 3610 1934 hoc

336 1972 580 2043 ἒκείνής,
613 1972 775 2026 τοῦτο
824 1973 921 2027 καὶ
947 1975 1083 2044 ἡμῖν
1125 1973 1222 2028 νῦν
1255 1976 1350 2028 ἐπὶ
1398 1977 1498 2045 τῆς
1551 1973 1641 2027 διὰ
1683 1970 1923 2045 Χριστοῦ

336 2068 568 2138 χάριτος
605 2066 933 2139 ἐφαρμόζει.
960 2068 1037 2121 Οὐ
1070 2065 1176 2138 χρὴ
1218 2062 1314 2121 οὖν
1345 2067 1654 2122 διαπιστεῖν
1684 2066 1856 2136 ἡμᾶς,
1890 2063 1924 2135 ἢ

340 2161 474 2230 περὶ
509 2158 612 2229 τῆς
651 2159 709 2226 ἐξ
747 2158 981 2232 ούρανοῦ
1029 2159 1124 2212 τοῦ
1155 2159 1413 2230 Σωτῆρος
1443 2157 1697 2220 καθόδου,
1728 2157 1763 2228 ἢ
1796 2156 1928 2227 περὶ

338 2251 440 2321 τῆς
497 2251 561 2302 ὲκ
609 2250 824 2322 νεκρῶν
858 2249 1023 2305 αὐτοῦ
1064 2249 1230 2305 πάλιν
1290 2249 1480 2304 ἀνόδου
1507 2264 1522 2280 ⁸
1577 2246 1716 2303 ἀλλά
1744 2246 1931 2317 τελείᾳ

341 2342 549 2415 καρδίᾳ
594 2344 1057 2408 πεπιστευκότας,
1109 2343 1397 2415 ὁμολογεῖν
1432 2340 1528 2396 καὶ
1560 2340 1651 2394 διὰ
1680 2338 1931 2409 γλώττης

341 2436 446 2508 τὴν
486 2436 670 2509 χάριν.
700 2437 1169 2508 Περιγενήσεσθαι
1199 2436 1310 2507 γὰρ
1358 2437 1491 2507 ἡμῖν
1527 2435 1689 2488 τοῦτο
1718 2431 1934 2486 ποιοῦσι

342 2529 449 2601 τὴν
477 2528 567 2597 διὰ
584 2529 684 2600 τῆς
707 2528 1046 2592 δικαιώσεως
1078 2529 1358 2601 σωτηρίαν
1383 2527 1591 2599 συμϐῇ.
1620 2525 1695 2579 Τὸ
1718 2525 1829 2597 γὰρ
1849 2526 1936 2591 είς

345 2622 773 2691 δικαιοσύνην,
794 2623 890 2678 καὶ
918 2623 981 2677 τὸ
995 2625 1085 2691 είς
1108 2623 1438 2690 σωτηρίαν,
1470 2619 1635 2674 διεῖλε
1669 2618 1937 2691 συνήθωςο

347 2717 448 2770 καὶ
470 2716 532 2769 τὸ
562 2715 685 2785 μὲν,
708 2717 777 2785 τῇ
797 2715 984 2769 πίστει
1002 2716 1100 2785 τῆς
1126 2713 1380 2785 καρδίας*
1398 2713 1467 2764 τὸ
1484 2712 1561 2777 δὲ,
1584 2713 1652 2780 τῇ
1679 2708 1943 2780 ὁμολογίᾳ

348 2806 454 2861 τοῦ
502 2806 776 2876 στόματος
826 2806 1178 2859 ἀποδέδωκεν
1211 2819 1226 2833 '
1285 2804 1570 2874 ἑκατέροις
1607 2800 1943 2873 ἁρμόζοντος

350 2897 664 2967 ἑκατέρου·
695 2896 898 2967 καρδίᾳ
947 2897 1047 2965 μὶν
1097 2894 1244 2966 γὰρ,
1299 2895 1455 2965 φησὶ,
1499 2893 1891 2963 πιστευόμενος
1918 2893 1949 2945 6

351 2987 600 3059 Χριστὸς
625 2987 827 3041 δικαιοῖ
858 3004 872 3019 ο
907 2987 1139 3057 πόματι
1168 2986 1226 3039 δὲ
1253 2985 1688 3056 ὁμολογούμενος
1707 3026 1721 3049 ,
1756 2983 1941 3047 σώζει.

436 3098 457 3130 ι
504 3082 650 3151 Ἄρα
683 3080 717 3149 ἡ
744 3080 927 3143 πίστις
955 3081 1014 3147 ἐξ
1043 3080 1235 3150 ἀκοῆς,
1264 3080 1298 3152 ή
1326 3080 1384 3134 δὲ
1414 3078 1555 3150 ἀκοὴ
1577 3077 1665 3133 διά
1696 3078 1947 3151 ῥήματος

353 3172 526 3229 Θεοῦ.
570 3192 591 3225 r

435 3266 595 3337 Τάχα
624 3266 681 3319 δὲ
712 3265 826 3331 θεὶς
855 3265 957 3335 τὴν
986 3266 1080 3320 τοῦ
1121 3266 1346 3321 Ἠσαίου
1386 3268 1594 3339 φωνήν,
1639 3267 1719 3335 τδ,
1754 3267 1951 3335 Κύριε,

357 3358 462 3424 τίς
486 3358 817 3413 ἐπίστευσε
850 3356 927 3427 τῇ
959 3356 1118 3427 ἀκοῇ
1143 3358 1346 3428 ήμῶν;
1396 3357 1544 3412 ἔοικε
1578 3360 1836 3431 συνιστᾷν
1890 3361 1956 3413 ὲκ

359 3449 600 3520 ταύτης,
637 3451 733 3504 καὶ
761 3450 823 3503 τὸ
849 3447 910 3504 εὖ
942 3448 1093 3520 αὐτῷ
1123 3450 1513 3522 προειρῆσθαι,
1556 3450 1639 3516 τὸ,
1693 3450 1828 3517 Πῶς
1857 3467 1955 3505 m-

359 3542 749 3597 στεύσουσιν
785 3536 860 3599 οὗ
907 3541 1021 3595 οὐκ
1068 3539 1384 3609 ἦκουσαν;
1418 3541 1569 3611 λέγει
1622 3542 1734 3612 γάρ
1760 3557 1775 3573 ·
1806 3544 1958 3611 ’Δρα

360 3636 406 3705 ἡ
449 3634 659 3700 πίστις
687 3633 759 3698 ἐξ
794 3631 1010 3702 ἀκοῆς.
1045 3631 1225 3686 Τοῦτο
1249 3634 1449 3699 ἐκεῖνο,
1480 3633 1668 3704 φησιν,
1712 3632 1741 3686 ὃ
1773 3631 1958 3704 μικρῷ

361 3724 615 3797 πρόσθεν
638 3725 979 3795 ὲφὰσκομεν,
1008 3724 1090 3780 ὅτι
1116 3724 1208 3780 τὸν
1260 3724 1542 3778 πιστεύειν
1574 3724 1839 3795 μέλλοντα
1878 3723 1960 3777 δεῖ

360 3819 644 3891 πρότερον
671 3816 770 3888 τῆς
802 3818 934 3889 περὶ
961 3816 1057 3870 τοῦ
1079 3816 1580 3888 πιστευθησομένου
1607 3817 1959 3882 διδασκαλίας

357 3908 627 3969 ἀκοῦσαι.
666 3909 739 3964 Ἠ
758 3908 823 3963 δὲ
851 3909 1029 3977 ἀκοὴ,
1053 3908 1151 3962 διὰ
1173 3908 1444 3978 ῥήματος
1471 3908 1621 3963 θεοῦ
1643 3922 1659 3937 ⁶
1697 3909 1821 3963 ἀντὶ
1840 3906 1957 3976 τοῦ,

372 4004 447 4058 Ἦ
491 4001 676 4072 μέντοι
713 3992 1055 4066 διδασκαλία,
1097 4002 1166 4056 δι’
1196 4000 1481 4073 ἐνεργείας
1523 4000 1676 4066 θείας
1719 4004 1837 4065 τοῖς
1879 4001 1959 4055 δι·

358 4097 643 4151 δάσκουσι
672 4093 1062 4167 παραγίνεται.

1015 4203 1177 4259 ΚΕΦ.
1218 4201 1324 4257 IA'.

450 4338 476 4370 ε
524 4317 682 4386 Δέγω
713 4309 831 4380 οὖν,
865 4316 958 4388 Μὴ
991 4314 1256 4370 ἀπώσατο
1306 4315 1336 4369 6
1379 4314 1513 4379 Θεὸς
1552 4315 1642 4371 τὸν
1692 4314 1823 4371 λαὸν
1867 4316 1964 4373 αύ-

364 4412 510 4473 τοῦ;
552 4428 572 4462 ι

442 4500 552 4555 Διά
585 4500 685 4572 τῆς
719 4499 1043 4574 προσθήκης
1084 4499 1290 4572 ταύτης
1346 4502 1621 4573 ἐμφήνας,
1668 4501 1790 4556 οὐδὲ
1837 4502 1966 4558 λαὸν

367 4588 527 4649 εἶναι
555 4591 682 4654 τοὺς
712 4591 928 4657 ἄλλους,
957 4589 1116 4657 Θεοῦ,
1154 4590 1257 4645 κᾶν
1286 4590 1379 4645 τὸν
1404 4590 1572 4646 αὐτὸν
1610 4588 1821 4654 τούτοις
1846 4592 1968 4644 ἐπι·

367 4685 685 4762 γράψαιντο
709 4684 854 4739 κατὰ
880 4685 1063 4756 σάρκα
1092 4684 1442 4758 προπάτορα.

456 4799 483 4831 σ
527 4777 692 4831 Ἃ).λά
722 4777 775 4831 τί
802 4777 953 4846 λέγει
983 4777 1135 4848 αὐτῷ
1157 4779 1187 4830 6
1215 4777 1633 4849 χρηματισμόςς
1675 4775 1971 4832 κατέλιπον

373 4869 614 4942 ἐμαυτῷ
643 4868 1088 4938 ἑπτακισχιλίους
1117 4866 1338 4939 ἄνδρας,
1372 4868 1567 4931 οἵτινες
1592 4867 1694 4921 οὐκ
1713 4866 1971 4938 ἔκαμψαν

374 4963 520 5035 γόνυ
549 4964 618 5034 τῇ
652 4960 818 5015 Βάαλ.
853 4978 873 5013 ι

461 5055 575 5110 Καὶ
607 5055 725 5123 ἅμα
778 5056 843 5107 ὲκ
876 5050 978 5122 τῆς
1023 5052 1251 5125 Γραφῆς
1299 5051 1507 5123 ταύτης
1551 5051 1851 5124 παρίστησι
1890 5050 1970 5117 τὸ,

2027 1982 2193 2039 etiam
2236 1981 2392 2036 nobis
2436 1995 2579 2035 nunc
2610 1981 2866 2035 convenit
2896 1980 2961 2035 de
2999 1982 3174 2050 gratia
3217 1978 3446 2034 Christi.
3492 1978 3609 2032 Non

2028 2088 2160 2143 ergo
2204 2073 2454 2128 dubitare
2489 2072 2770 2137 debemus,
2814 2071 2928 2126 sive
2964 2070 3362 2126 dc'Salvatoris
3407 2083 3436 2124 e
3471 2070 3611 2125 coelo

2032 2169 2320 2233 descensu,
2358 2165 2474 2221 sive
2497 2167 2565 2221 de
2601 2164 2777 2218 reditu
2820 2179 2849 2216 a
2882 2164 3146 2228 mortuis;
3183 2164 3276 2217 sed
3313 2169 3426 2215 toto
3448 2147 3613 2216 corde

2033 2261 2342 2325 credentes,
2379 2260 2609 2329 gratiam
2639 2257 2819 2327 lingua
2851 2254 3125 2311 conﬁteri.
3155 2254 3291 2308 Nam
3327 2252 3481 2308 nobis
3509 2252 3616 2307 hoc

2038 2353 2366 2409 facientibus
2417 2350 2603 2408 evenit
2651 2358 2710 2404 ut
2761 2364 2855 2419 per
2883 2346 3328 2415 justiﬁcatiouem
3380 2344 3616 2401 salutem

2039 2450 2260 2520 insuper
2287 2448 2653 2505 obtineamus.
2686 2446 2766 2498 Ad
2798 2444 3069 2516 justitiam
3098 2443 3241 2497 enim
3284 2450 3340 2495 et
3374 2440 3444 2494 ad
3473 2438 3622 2494 salu-

2041 2554 2143 2600 tem
2176 2542 2489 2611 frequenter
2525 2536 2985 2605 distinxit;_illud
3016 2537 3234 2604 quidem
3281 2535 3462 2588 cordis
3500 2530 3624 2587 ﬁdei

2044 2637 2277 2709 largitus
2322 2643 2430 2700 est,
2458 2633 2567 2689 hoc
2596 2646 2729 2686 vero
2767 2631 2881 2687 oris
2926 2626 3305 2693 confessioni;_
3333 2635 3629 2692 utrumque

2046 2730 2263 2798 utrique
2312 2734 2438 2797 apte
2482 2723 2867 2782 connectitur;
2911 2736 3038 2775 nam
3101 2718 3387 2783 Christus,
3425 2715 3627 2785 inquit,

2048 2819 2216 2875 corde
2268 2818 2320 2872 in
2393 2817 2569 2888 ipsum
2626 2815 2912 2873 credentes
2964 2812 3265 2884 iustiﬁcal,
3288 2824 3385 2866 ore
3444 2815 3625 2863 autem

2048 2911 2378 2967 conﬁtentes
2403 2909 2604 2966 salvat:

2124 3089 2290 3144 Vens.
2332 3086 2414 3142 l7.
2458 3103 2476 3138 t
2511 3084 2650 3155 Ergo
2685 3082 2819 3138 ﬁdes
2851 3096 2917 3137 ex
2948 3079 3158 3143 auditu,
3199 3074 3414 3132 auditus
3450 3082 3633 3130 autem

1978 3203 2023 3263 (ς
2057 3203 2153 3258 per
2184 3186 2405 3240 verbum
2439 3179 2645 3237 Christi
2679 3177 2845 3250 (Dei).
2878 3195 2898 3230 ι

2126 3276 2285 3333 Modo
2314 3275 2478 3329 allato
2511 3274 2614 3329 hoc
2640 3270 2793 3326 Isaia:
2814 3270 3018 3325 verbo:
3052 3264 3294 3330 Domine,
3322 3262 3440 3334 quis
3462 3261 3638 3317 credi-

2056 3373 2137 3428 dit
2166 3368 2377 3425 auditui
2404 3376 2584 3422 nostra
2608 3363 2691 3418 "2
2712 3360 3041 3419 conﬁrmare
3072 3357 3287 3413 videtur
3312 3363 3463 3412 recte
3488 3369 3519 3408 a
3548 3369 3636 3411 se-

2058 3464 2291 3534 mctlpso
2328 3476 2488 3530 supra
2522 3459 2754 3526 dictum,
2801 3453 3077 3522 Quomodo
3117 3454 3325 3507 credent
3374 3449 3445 3516 ei,
3485 3462 3639 3519 quem

2058 3572 2161 3609 non
2204 3554 2485 3608 audierunt
2509 3554 2531 3606 ί
2567 3551 2703 3606 dicit
2746 3549 2892 3604 enim
2923 3567 2938 3602 :
2965 3544 3107 3617 Ergo
3140 3544 3272 3615 ﬁdes
3315 3556 3382 3598 ea:
3427 3540 3638 3595 auditu.

2058 3640 2172 3697 Hoc
2200 3642 2399 3712 ipsum,
2432 3639 2630 3709 inquit,
2662 3637 2824 3707 paulo
2852 3648 3019 3704 supra
3054 3633 3391 3695 dicebamus,
3417 3622 3644 3685 creden-

2058 3742 2168 3789 tem
2220 3723 2476 3801 op‘ortere
2525 3730 2759 3799 primum
2808 3726 2999 3781 audire
3045 3723 3353 3779 doctrinam
3389 3719 3507 3788 ejus
3554 3719 3644 3775 cui

2058 3823 2285 3880 credere
2314 3822 2493 3899 debet.
2525 3819 2755 3874 Auditus
2786 3824 2961 3871 autem
2990 3829 3083 3884 per
3112 3814 3323 3870 verbum
3359 3810 3479 3878 Dei,
3517 3825 3637 3881 pro,

2062 3914 2379 3971 Doctrinatn
2417 3919 2599 3967 tamen
2652 3923 2749 3981 per
2804 3905 3182 3979 Operationem
3215 3901 3458 3959 divinam
3507 3901 3645 3958 reci-

2061 4007 2213 4077 piunt
2244 4006 2336 4077 qui
2365 4004 2585 4060 docent.

2702 4190 2857 4250 CAP.
2903 4189 3001 4247 XI.

2136 4312 2303 4369 Vens.
2342 4311 2393 4366 Ι.
2441 4328 2459 4361 t
2492 4307 2620 4363 Dico
2642 4321 2773 4379 ergo
2801 4323 2816 4363 :
2843 4301 3113 4376 Numquid
3144 4301 3283 4358 Deus
3311 4296 3512 4370 repulit
3546 4309 3645 4367 po.

2065 4406 2249 4479 pulum
2276 4400 2477 4461 suum?
2506 4420 2527 4454 ι

2142 4497 2269 4552 Hice
2313 4495 2563 4551 addendo
2614 4491 2856 4547 ostendit
2898 4491 3034 4545 alios
3080 4502 3205 4543 non.
3236 4500 3363 4542 esse
3389 4485 3648 4556 populum

2071 4589 2191 4655 Dei,
2231 4586 2486 4659 quamvis
2527 4585 2780 4641 eumdem
2813 4584 3112 4641 secundum
3147 4593 3368 4637 carnem
3395 4577 3652 4650 progeni-

2072 4692 2244 4739 torem
2275 4689 2591 4751 agnoscant.

2071 4843 2079 4851 .
2148 4775 2312 4831 Vsus.
2353 4772 2412 4828 6.
2459 4792 2479 4827 ι
2512 4771 2619 4829 Sed
2653 4771 2782 4843 quid
2826 4769 2964 4826 dicit
3006 4768 3081 4823 illi
3131 4767 3377 4823 divinum
3430 4779 3658 4835 respon-

2073 4865 2239 4924 sum?
2274 4864 2490 4934 Reliqui
2522 4864 2656 4918 mihi
2681 4872 2893 4932 septem
2928 4860 3096 4915 millia
3122 4859 3396 4925 virorum,
3416 4856 3510 4928 qui
3551 4872 3656 4912 non

2075 4965 2440 5016 curvaverunt
2474 4970 2659 5026 genua.
2678 4965 2804 5010 ante
2831 4954 2982 5011 Baal.
3013 4971 3037 5005 ι

2143 5050 2215 5106 Et
2262 5047 2425 5103 simul
2467 5060 2534 5102 ex
2577 5044 2680 5099 hoc
2725 5043 3025 5111 Scriptura:
3070 5053 3240 5095 sacras
3271 5037 3391 5093 loco
3421 5043 3656 5102 constat,

381 5149 495 5205 κᾶν
520 5149 635 5210 τοῖς
665 5143 980 5216 ἔμπροσθεν
1006 5144 1220 5217 χρόνοις
1262 5144 1492 5210 πολλοὺς
1522 5144 1584 5211 ἐξ
1624 5144 1815 5203 αὐτῶν,
1837 5146 1976 5198 ἀπο-

380 5239 832 5311 δοκιμασθῆναιο
879 5239 943 5294 τὸ
990 5238 1174 5309 μέντοι
1231 5238 1303 5294 ἐν
1339 5239 1421 5307 τῷ
1450 5234 1651 5308 "Haud,
1682 5240 1806 5294 ἀντὶ
1858 5239 1975 5307 τοῦ,

382 5332 487 5390 διὰ
509 5330 605 5386 τοῦ
638 5330 847 5399 Ἠλίου,
881 5331 1127 5404 εἴρηται.

472 5441 493 5475 ι
526 5422 684 5479 Οὕτω
723 5424 818 5477 καὶ
845 5424 904 5477 ὲν
924 5422 1003 5495 τῷ
1033 5423 1128 5479 νῦν
1161 5423 1340 5499 καιρῷ
1368 5423 1578 5498 λεῖμμα
1605 5426 1723 5480 κατ’
1748 5423 1978 5496 ἐκλογήν

389 5515 625 5592 χάριτος
656 5516 901 5584 γέγονεν.

470 5606 639 5661 Οὐδὲν
662 5601 779 5671 οὖν,
815 5606 891 5669 ώς
931 5605 1104 5675 ἔοικε,
1153 5607 1342 5662 καινὸν
1369 5608 1489 5662 ούδὲ⁹
1534 5607 1592 5661 ἐν
1635 5606 1715 5676 τῷ
1753 5606 1980 5674 παρόντι

392 5699 718 5771 γεγένηται,
770 5698 1029 5767 λειψάνου
1075 5702 1222 5766 τινος
1274 5702 1416 5755 κατά
1454 5702 1616 5773 χάριν
1666 5699 1983 5769 ἐκλεγέντος

2076 5141 2242 5199 etiam
2280 5140 2331 5195 in
2366 5134 2799 5209 praecedentibus
2838 5131 3176 5201 temporibus
3208 5128 3409 5187 multos
3446 5144 3511 5183 ex
3548 5128 3660 5183 illis

2078 5235 2249 5292 fuisse
2284 5235 2538 5304 rejectos.
2581 5228 2697 5285 [loc
2729 5239 2931 5292 tamen,
2955 5226 3012 5280 in
3039 5223 3216 5291 Elia,
3244 5239 3366 5296 pro,
3395 5225 3464 5280 ab
3489 5222 3658 5290 Elia,

2083 5329 2291 5383 dictum
2333 5334 2439 5381 cst.
3405 5372 3424 5388 .

2154 5415 2319 5472 Vens.
2360 5415 2415 5469 5.
2465 5433 2483 5464 ι
2518 5412 2609 5470 Sic
2647 5428 2775 5486 ergo
2814 5423 2869 5468 et
2897 5412 2950 5467 in
2984 5411 3089 5467 hoc
3120 5418 3384 5480 tempore,
3421 5402 3663 5473 reliquiae

2082 5510 2381 5568 secundum
2416 5509 2736 5564 electionem
2769 5506 2957 5577 gratiae
2987 5503 3150 5559 salva:
3179 5501 3335 5556 facta:
3366 5506 3515 5555 sunt.
3548 5516 3567 5549 ›

2153 5601 2298 5657 Nihil
2326 5615 2477 5673 ergo,
2522 5609 2579 5653 ut
2611 5600 2847 5664 videtur,
2880 5595 3003 5651 novi
3039 5593 3097 5650 in
3140 5602 3385 5664 tempore
3409 5586 3666 5660 praesenti

2085 5693 2303 5763 accidit,
2349 5708 2470 5749 cum
2504 5688 2667 5748 etiam
2712 5701 2856 5745 nunc
2883 5686 3146 5759 quosdam
3189 5698 3252 5740 ex
3283 5679 3428 5739 omni
3470 5687 3668 5751 genere

479 5837 522 5872 "
567 5836 666 5893 lsa.
702 5852 820 5907 un,
862 5838 912 5891 ι.
