4086 6394
469 330 607 395 1715

1569 326 1944 389 GENNADII
1981 327 2488 392 PATRIARCHJE
2530 331 2637 391 ΟΡ.

3604 330 3738 399 1716

466 427 652 477 nostro
694 420 835 477 Deus
873 421 1171 477 secundum
1204 419 1434 491 gratiam
1471 419 1654 491 cit-git.
1690 419 1824 474 Nam
1858 435 2048 491 quem-

2167 421 2247 477 ιαὶ
2275 421 2393 491 νῦν,
2435 426 2503 477 ὲκ
2561 422 2657 477 τοῦ
2711 422 2916 488 παντὸς
2949 423 3145 494 γένους
3184 423 3363 496 ἡμῶν.
3387 424 3603 501 Ὠσπερ
3628 431 3738 502 γὰρ

464 514 760 571 admodum
797 522 923 569 tune
946 512 1104 582 juxta
1158 528 1373 569 sacram
1411 512 1750 583 Scripturam
1792 526 1859 567 ne
1896 527 2036 568 unus

465 607 684 676 quidem
716 606 899 663 salvus
925 606 1103 662 factus
1133 615 1300 674 esset,
1334 606 1436 661 nisi
1474 602 1615 662 Dt-us
1659 605 1760 662 sibi
1801 605 2047 676 reliquis-

466 708 550 754 set
578 710 786 771 septem
820 697 985 755 millia
1019 701 1287 766 virorum,
1328 698 1430 755 nisi
1461 698 1675 755 scilicet.
1702 698 1881 754 divina
1921 713 2047 769 gra-

467 792 538 847 tia
569 790 690 849 illos
722 794 774 849 in
805 793 1007 866 pietate
1048 792 1395 859 servavisset,
1424 791 1502 847 sic
1531 801 1660 863 puto
1705 789 1872 846 etiam
1907 805 2050 845 nunc

466 885 606 942 llet'i.

536 975 703 1035 Vens.
737 977 790 1034 6.
837 998 856 1031 ι
889 979 947 1036 Si
979 989 1159 1035 autem
1187 979 1381 1051 gratia,
1403 976 1516 1047 jam
1542 993 1647 1032 non
1677 991 1743 1033 ex
1764 975 2046 1047 operibus;

467 1069 708 1141 alioquin
742 1073 917 1142 gratia
954 1072 1066 1142 jam
1096 1066 1201 1127 non
1234 1080 1318 1128 est
1345 1072 1541 1144 gratia.
1575 1091 1593 1125 ι

536 1162 658 1220 Non
688 1164 879 1221 leviter
918 1164 1132 1222 eli‘utire
1166 1165 1373 1231 volens,
1416 1167 1530 1221 haec
1570 1166 1642 1221 ita
1686 1165 1870 1236 posuit
1908 1164 2052 1234 Apo-

468 1252 664 1321 stolus,
699 1252 795 1315 sed
828 1258 1165 1314 contendens
1195 1260 1509 1324 ostendere,
1550 1261 1776 1314 omnino
1809 1257 1951 1312 inter
1992 1268 2053 1311 se

469 1347 740 1405 dissidere
772 1348 944 1419 legem
965 1358 1019 1405 et
1045 1349 1277 1420 gratiam
1311 1359 1365 1407 et
1393 1365 1498 1406 non
1527 1364 1685 1421 posse
1717 1347 1877 1407 simul
1908 1346 2054 1404 essi-

469 1439 751 1506 stere,sed
783 1439 1011 1495 alterum
1047 1439 1114 1496 ab
1144 1440 1318 1496 altero
1350 1438 1662 1496 necessario
1700 1437 2050 1510 ejiciendum.

470 1532 658 1603 itaque
681 1533 728 1588 si
750 1533 925 1605 gratia
953 1533 1229 1605 eligimur,
1258 1532 1472 1589 facilior
1489 1533 1734 1589 accessio
1762 1542 1819 1587 et
1840 1527 1972 1586 lides
1999 1530 2052 1583 in

468 1620 768 1682 Christum.
800 1623 918 1681 Non
947 1626 1091 1681 enim
1118 1638 1176 1681 ut
1202 1626 1267 1680 ad
1297 1624 1574 1681 Christum
1604 1624 1885 1679 veniamus
1913 1630 1968 1676 et
1997 1621 2052 1675 itt

469 1724 595 1768 eum
644 1714 954 1781 credamus,
1018 1714 1326 1771 necessaria
1376 1724 1504 1769 sunt
1538 1729 1723 1784 opera,
1772 1712 1865 1768 sed
1908 1710 2053 1766 ευω-

2151 514 2274 569 τότε
2310 517 2450 570 κατὰ
2481 515 2574 572 τὸν
2597 515 2877 588 Γραφικδν
2915 516 3097 585 λόγον,
3128 518 3239 571 οὐδ’
3267 517 3333 571 ἂν
3362 516 3442 583 εἷς
3470 519 3736 586 σέσωστο,

2156 609 2234 681 μὴ
2265 608 2445 680 ἑαυτῷ
2470 607 2596 673 τοὺς
2633 608 3079 679 ἑπτακισχιλίους
3113 608 3542 681 ὑπολειπομένου
3574 611 3734 678 Θεοῦ,

2154 701 2421 767 τουτέστι,
2459 701 2535 774 μὴ
2567 701 2718 767 θείας
2756 704 2982 776 χάριτος
3021 704 3223 768 αὐτοὺς
3249 706 3343 758 ἐπὶ
3372 698 3473 774 τῆς
3512 706 3741 779 γνώμης

2154 792 2254 863 τῆς
2285 792 2547 858 εὐσεϐοῦς
2573 795 2969 868 φυλαττούσης,
2998 797 3173 862 οὕτως
3203 792 3361 868 οἶμαι
3392 798 3487 851 καὶ
3509 797 3627 851 νῦν.
3755 816 3765 911 ἑ

2231 996 2250 1030 ι
2277 976 2339 1032 Ei
2362 977 2419 1031 δέ
2450 977 2653 1052 χάριτι.
2687 980 2873 1034 οὐκέτι
2897 981 2958 1046 ἐξ
2978 981 3183 1051 ἔργων’
3203 982 3323 1035 ἐπεὶ
3354 983 3387 1051 ἠ
3416 981 3579 1053 χάρις
3605 981 3741 1035 ούκ-

2156 1067 2239 1121 έτι
2275 1068 2393 1122 ἔστι
2427 1070 2607 1141 χάρις.
2654 1091 2673 1124 ι

2226 1161 2304 1216 Ού
2347 1162 2631 1232 τηνάλλως
2686 1163 2745 1217 δὲ
2795 1163 3155 1235 ἃδολεσχῆσαι
3201 1160 3549 1236 βουλόμενος,
3596 1163 3745 1220 οὕτω

2160 1252 2330 1310 ταῦτα
2366 1254 2569 1326 ἔθηκεν¹
2590 1256 2620 1308 ὁ
2661 1256 3005 1322 ’Δπόστολος,
3031 1256 3170 1313 ἀλλὰ
3200 1252 3374 1326 δεῖξαι
3399 1258 3743 1325 σπουδάζων,

2155 1344 2474 1418 ἀσύμϐατον
2494 1347 2629 1404 ὂντα
2659 1349 2944 1413 παντελῶς
2974 1350 3067 1404 τὸν
3092 1351 3260 1421 νόμον
3282 1352 3349 1422 τῇ
3386 1352 3573 1422 χάριτι
3597 1367 3612 1381 ·
3649 1352 3747 1404 καί

2153 1438 2216 1492 ού
2256 1438 2535 1509 δυνάμενα
2583 1440 2726 1495 κατὰ
2781 1441 2975 1497 ταυτὸν
3013 1442 3303 1514 ἀμφότερα
3354 1443 3551 1509 ταῦτα,
3606 1441 3748 1498 ἀλ.λᾷ

2155 1530 2471 1600 ἀναγκαίως
2497 1530 2619 1602 ἔχον
2635 1530 2850 1605 θατέρῳ
2870 1533 3099 1605 θάτερον
3132 1528 3551 1601 ὑπεξίστασθαι.
3580 1536 3746 1589 Ὥστε

2155 1625 2206 1677 ει
2236 1623 2419 1696 χάριτι
2448 1622 2812 1695 ἐκλεγόμεθα,
2848 1626 3031 1697 ῥᾴδιον
3056 1626 3118 1680 τὸ
3145 1627 3468 1698 προσελθεῖν
3510 1628 3608 1681 καὶ
3657 1645 3750 1681 πι-

2158 1716 2381 1772 στεῦσαι
2440 1715 2685 1789 Χριστῷ.
2734 1718 2872 1772 υύδὶ
2916 1716 3026 1790 γὰρ
3055 1718 3236 1791 ἔργων
3282 1713 3521 1791 δεόμεθα
3577 1720 3657 1784 εἰς
3685 1720 3750 1774 τὸ

470 1807 622 1859 ciunt
653 1806 769 1861 sola
817 1806 956 1860 ratio
982 1814 1036 1861 et
1073 1804 1347 1862 voluntas.
1384 1804 1691 1861 Secundum
1730 1803 2051 1859 electionem

2167 1807 2536 1880 προσδραμεῖν
2555 1806 2702 1878 αὐτῷ
2732 1807 2825 1861 καὶ
2851 1808 3140 1863 πιστεῦσαι
3168 1805 3412 1880 Χριστῷ,
3436 1810 3575 1863 ἀλλὰ
3608 1810 3748 1881 μόνη

471 1897 660 1966 gratim
693 1912 799 1953 non
827 1908 1050 1970 propter
1078 1914 1247 1970 opera
1272 1913 1370 1954 nos
1402 1899 1616 1969 recipit.
1654 1894 1710 1952 Si
1749 1896 1921 1968 gratia
1955 1911 2054 1952 nos

2167 1899 2353 1973 γνώμη
2382 1900 2478 1954 καὶ
2524 1900 2853 1972 προαιρεσις
2904 1900 3089 1972 ἀρκεῖ.
3132 1902 3292 1956 Κατὰ
3323 1902 3486 1974 χάριν
3521 1902 3651 1973 γὰρ,
3681 1903 3749 1955 οὐ

474 1999 630 2046 vocat
668 1998 726 2046 et
756 1991 971 2061 recipit,
1013 2005 1119 2047 non
1166 1991 1324 2047 nobis
1371 1990 1437 2046 ad
1486 1992 1591 2046 hcc
1624 1991 1881 2061 operibus
1919 2003 2055 2059 opus

2167 1992 2223 2047 it‘
2268 1992 2408 2064 ἔργα
2461 1992 2842 2065 προσδέχεται.
2883 1993 3046 2048 Ὥστε
3095 1996 3145 2047 εἰ
3200 1994 3385 2066 χάριτι
3440 1996 3597 2048 καλεῖ
3653 1996 3752 2048 καὶ

471 2093 591 2150 est;
616 2084 744 2139 nam
766 2084 811 2139 si
838 2083 996 2139 nobis
1025 2085 1285 2156 operibus
1317 2098 1453 2155 opus
1479 2092 1582 2149 est,
1610 2083 1786 2156 gratia
1807 2080 1921 2152 jam
1948 2099 2054 2138 non

473 2186 659 2233 manet
709 2178 911 2248 gratia.
950 2176 1010 2233 Si
1054 2192 1184 2233 vero
1236 2176 1527 2248 opinemur
1582 2176 1890 2231 necessaria
1935 2189 2059 2230 esse

472 2280 636 2341 opera
681 2279 740 2325 tit
783 2270 852 2325 ad
897 2269 1175 2327 Christum
1232 2271 1517 2327 veniamus
1564 2277 1619 2325 et
1667 2268 1956 2325 credamus
2003 2267 2056 2322 in

474 2372 620 2431 eum,
653 2380 760 2421 non
802 2364 919 2420 haec
951 2368 1157 2420 tantum
1200 2360 1436 2420 absurda
1482 2362 1839 2427 admittenda,
1870 2362 1966 2416 sed
2005 2367 2061 2415 et

475 2458 620 2515 aliud
651 2458 737 2515 bis
778 2458 977 2514 simile.
1022 2456 1080 2514 Si
1113 2456 1317 2512 etenim
1356 2455 1631 2512 credimus
1667 2448 1809 2525 quod
1844 2460 2062 2524 oportet

477 2557 578 2606 nos
607 2564 673 2606 es
702 2550 960 2619 operibus
989 2549 1200 2615 venire,
1251 2545 1599 2604 manifestum
1634 2556 1718 2603 est
1746 2545 1890 2617 quod
1922 2542 2061 2600 tolli-

478 2650 568 2698 tur
598 2643 809 2713 gratia;
834 2643 878 2698 si
914 2642 1089 2713 gratia
1117 2656 1223 2697 non
1253 2640 1484 2706 tollitur,
1510 2638 1777 2711 opusjam
1806 2652 1913 2693 non
1944 2650 2059 2691 ma-

477 2740 571 2790 net
612 2741 771 2805 opus,
819 2734 992 2806 gratia
1034 2740 1140 2789 non
1168 2732 1518 2805 permittente
1566 2745 1703 2802 opus
1739 2727 2056 2794 subsistere,

477 2828 573 2886 sed
601 2829 923 2885 ostendente
954 2827 1245 2900 gratuitam
1277 2825 1622 2883 electionem.
1652 2820 1785 2879 Nam
1807 2821 1979 2893 gratia
2007 2828 2063 2876 et

475 2936 617 2991 opus
649 2921 867 2991 penitus
908 2922 978 2976 ab
1024 2919 1257 2975 invicem
1300 2926 1428 2974 sunt
1456 2917 1740 2974 distincta.
1786 2912 1935 2985 Opus
1975 2928 2064 2969 se-

478 3012 665 3081 quitur
711 3025 947 3077 merces,
1004 3025 1111 3066 non
1157 3009 1370 3081 gratia;
1416 3007 1592 3078 gratia
1647 3015 1828 3062 autem
1881 3005 2062 3070 datur,

480 3122 588 3161 non
622 3113 680 3160 ut
722 3103 995 3161 mercedis
1041 3102 1263 3171 solutio,
1295 3101 1390 3160 sed
1428 3110 1489 3156 ut
1517 3101 1720 3155 donum
1756 3113 1822 3154 ac
1849 3097 2065 3152 muniti-

2159 2084 2535 2157 προσδέχεται,
2570 2085 2671 2140 ούκ
2723 2084 2923 2157 ἔχομεν
2958 2088 3040 2149 εἰς
3092 2086 3254 2141 τοῦτο
3311 2084 3503 2157 χρείαν
3545 2087 3748 2160 ἔργων,

2172 2175 2326 2231 Ἐπεὶ
2357 2179 2405 2231 ει
2454 2178 2646 2249 χρείαν
2696 2178 2963 2249 σχοιημεν
3013 2177 3215 2251 ἔργων,
3244 2178 3433 2232 οὐκέτι
3481 2181 3515 2249 ἡ
3563 2180 3751 2251 χάρις,

2160 2271 2319 2342 χάρις
2363 2270 2539 2341 μένει.
2571 2271 2648 2324 Oti
2682 2270 2845 2342 μόνον
2866 2270 2927 2324 δὲ
2960 2270 3121 2325 τούτο
3150 2269 3512 2342 ἀκολουθήσει
3539 2272 3600 2324 τὸ
3627 2272 3755 2326 ato-

2162 2378 2283 2427 πον,
2317 2360 2411 2415 ἰὰν
2440 2360 2753 2431 νομίσωμεν
2782 2360 2867 2416 ὅτι
2899 2361 2982 2415 δεῖ
3002 2362 3136 2433 ἡμῖν
3160 2361 3341 2434 ἔργων
3371 2363 3453 2425 εἰς
3489 2361 3552 2414 τὸ
3582 2372 3756 2431 προσ-

2160 2452 2358 2521 ελθεῖν,
2416 2455 2513 2509 καὶ⁵
2571 2452 2869 2508 πιστεῦσαι
2908 2452 3157 2526 Χριστῷ,
3218 2452 3356 2507 ἀλλὰ
3420 2453 3517 2508 καὶ
3561 2452 3755 2525 ἕτερον

2160 2546 2369 2617 ὅμοιον.
2404 2545 2469 2600 Ei
2508 2546 2618 2619 γὰρ
2644 2544 2706 2612 ἔξ
2733 2546 2911 2617 ἔργων
2941 2546 3229 2617 προσιέναι
3271 2547 3384 2601 δεῖν
3421 2548 3568 2619 ἡμᾶς
3598 2548 3757 2619 νομξ·

2164 2650 2352 2707 σομεν,
2381 2634 2543 2706 δῆλον
2569 2635 2646 2700 ὡς
2692 2636 2972 2708 ἀνῄρηται
3005 2639 3040 2706 ἠ
3074 2637 3231 2708 χάρις
3255 2654 3270 2668 ο
3304 2638 3430 2691 ἐπεὶ
3468 2641 3517 2690 εἰ
3551 2637 3626 2709 μὴ
3656 2636 3755 2690 ἀν·

2161 2722 2385 2798 ᾕρηται,
2410 2725 2594 2779 ούκέτι
2615 2726 2738 2780 οὐδὲ
2769 2728 2832 2780 τὸ
2858 2726 3021 2797 ἔργον
3058 2728 3213 2799 μένει
3238 2727 3428 2800 ἔργον·
3463 2728 3564 2799 τῆς
3591 2728 3757 2800 χάρι-

2161 2833 2255 2883 τος
2288 2817 2390 2872 οὐκ
2412 2815 2590 2889 ἐώσης
2619 2817 2759 2883 ὅλως
2792 2818 2956 2891 ἔργον
3003 2819 3337 2891 ὑποστῆναι·
3374 2819 3513 2875 ἀλλὰ
3550 2821 3757 2889 προῖκα

2162 2910 2264 2984 τὴν
2293 2911 2528 2983 ἐκλογὴν
2576 2911 3060 2984 ἐπιδεικνυμένης.
3097 2912 3449 2985 Κεχὼρισται
3505 2910 3606 2984 μὲν
3645 2914 3756 2983 γὰρ

2164 3001 2262 3056 ἀπ’
2290 3002 2539 3073 ἀλλήλων
2569 3004 2639 3074 τῇ
2668 3002 2833 3073 φύσει
2859 3003 3023 3075 χάρις
3047 3003 3145 3057 καὶ
3171 3002 3332 3075 ἔργον
3350 3020 3364 3034 ·
3407 3004 3507 3058 καὶ
3538 3003 3617 3075 τῷ
3653 3004 3758 3074 μὲν

2166 3099 2315 3172 ἔργῳ
2340 3100 2533 3155 ἔπεται
2567 3099 2760 3172 μισθὸς
2792 3100 2887 3154 καὶ
2915 3100 2975 3153 ού
3024 3100 3187 3172 χάρις
3209 3117 3223 3133 ο
3262 3101 3297 3170 ἡ
3335 3099 3394 3152 δὲ
3428 3100 3589 3169 χάρις
3612 3093 3758 3151 δίδο-

480 3199 681 3255 eentia.
731 3196 1082 3255 Manifestum
1124 3198 1292 3270 igitur
1325 3194 1558 3268 gratiam
1610 3190 1859 3248 beneﬁcii
1906 3199 2064 3245 natu-

2167 3211 2281 3260 ται,
2301 3193 2405 3265 οὐχ
2429 3193 2507 3256 ὡς
2541 3191 2884 3262 ἀντιμισθια,
2918 3190 3057 3246 ἀλλὰ
3087 3189 3263 3262 δῶρον
3308 3190 3404 3244 καὶ
3448 3190 3755 3261 φιλοτιμία.

483 3296 600 3347 ram
641 3284 867 3345 habere.
902 3288 959 3344 Si
1009 3289 1131 3360 quis
1167 3296 1322 3359 putat
1360 3282 1619 3356 operibus
1645 3278 1875 3354 gratiam
1924 3279 2066 3335 obti-

484 3397 638 3448 nere,
668 3378 901 3453 gratiam
929 3389 1196 3452 quantum
1240 3379 1296 3433 in
1329 3378 1445 3448 ipso
1473 3385 1561 3434 est
1610 3372 1771 3441 tollit,
1806 3383 1863 3429 et
1892 3368 2066 3445 gratia

480 3478 593 3546 jam
620 3470 735 3529 itdn
766 3474 850 3530 εει
877 3466 1072 3544 gratia,
1104 3486 1203 3527 nec
1229 3480 1393 3542 opera
1424 3479 1647 3526 manent
1674 3483 1838 3538 opera
1865 3477 1919 3523 et
1941 3481 2066 3537 pro-

486 3567 661 3639 priam
712 3564 935 3621 servant
975 3570 1260 3630 naturam;
1329 3577 1541 3620 merces
1588 3574 1753 3632 opera
1800 3561 2067 3630 sequitur,

489 3673 596 3714 non
627 3656 823 3729 gratia.
866 3652 1056 3712 Gratia
1090 3653 1415 3710 beneficium
1465 3654 1696 3719 inducit,
1732 3662 1788 3708 et
1821 3652 2071 3723 quamvis

488 3750 686 3823 aliquis
717 3766 836 3807 eam
878 3748 1138 3821 operibus
1169 3746 1421 3802 obtinere
1463 3755 1693 3802 conatus
1722 3744 1905 3807 fuerit,
1943 3742 2072 3800 irri-

493 3848 579 3900 tus
620 3843 727 3900 erit
756 3836 932 3916 ipsius
973 3851 1237 3906 conatus,
1285 3853 1453 3909 opera
1482 3837 1594 3908 jam
1654 3852 1760 3894 non
1816 3843 2073 3909 poterunt

489 3952 614 3995 esse
659 3951 849 4003 opera,
896 3949 1002 3990 non
1052 3932 1197 3989 enim
1247 3930 1523 3988 habebunt
1570 3931 1902 3997 mercedem,
1948 3945 2070 3985 cum

492 4030 666 4102 gratia
708 4027 1000 4099 prtecedit;
1054 4035 1109 4082 et
1157 4026 1213 4081 in
1267 4039 1466 4080 vanum
1504 4023 1717 4079 laborat
1760 4037 1857 4092 per
1907 4036 2072 4093 opera

492 4122 743 4192 accipere
777 4121 922 4191 quod
964 4120 1203 4190 gratuite
1232 4118 1343 4188 jam
1378 4117 1609 4190 praebuit
1640 4116 1834 4187 gratia.
1875 4115 1936 4171 Si
1978 4131 2075 4169 au-

491 4226 594 4271 tem
625 4215 824 4286 gratia,
878 4212 1079 4283 inquit,
1118 4208 1235 4282 jam
1277 4227 1381 4266 non
1432 4225 1498 4265 ea:
1538 4209 1800 4279 operibus.
1846 4206 1985 4275 Quia
2028 4207 2075 4260 si

493 4306 819 4364 conceditur
856 4298 1001 4376 quod
1051 4312 1121 4359 ex
1161 4300 1421 4373 operibus
1461 4298 1611 4355 venit
1652 4294 1881 4368 gratiam
1934 4306 2075 4364 esse,

497 4398 702 4456 tollitur
732 4398 945 4470 gratia;
983 4396 1182 4453 iterum
1217 4395 1264 4451 si
1309 4408 1377 4449 ex
1404 4392 1684 4464 operibds,
1709 4388 1819 4461 jam
1845 4402 1954 4444 non
1995 4394 2079 4444 est

495 4492 691 4562 gratia.
735 4486 792 4548 Si
828 4486 1063 4561 gratiam
1098 4500 1221 4545 esse
1266 4484 1603 4552 admittitur,
1650 4492 1789 4554 opus
1814 4480 1926 4553 iam
1966 4494 2074 4538 non

495 4591 579 4638 est
605 4596 763 4654 opus.

567 4770 737 4829 Vens.
790 4767 844 4828 8.
901 4765 1110 4825 tDedlt
1154 4764 1261 4823 illis
1315 4764 1464 4820 Deus
1513 4762 1765 4835 Spiritum
1814 4770 2080 4835 compun-

499 4864 719 4920 clionis.
752 4882 771 4917 ι
1014 4874 1019 4881 ’

576 4957 692 5019 νει,
724 4956 967 5029 spiritum
988 4947 1430 5017 compmtclt‘onis,
1448 4952 1569 5019 pro,
1592 4946 1956 5003 lautissimam
1990 4954 2083 5001 Vo-

504 5050 764 5100 initialem
796 5047 880 5098 cui
911 5038 1045 5108 opus
1074 5038 1156 5095 est
1186 5040 1545 5095 conversione
1572 5052 1627 5096 et
1658 5034 1977 5095 directione.

572 5140 736 5194 Vare,
782 5136 863 5190 ll.
915 5150 931 5186 t
966 5138 1093 5190 Dico
1129 5151 1277 5205 ergo,
1314 5134 1582 5203 Numquid
1627 5134 1705 5188 sic
1737 5132 2081 5187 oii'ende'runt

505 5247 563 5289 ut
595 5230 892 5287 calerent?
923 5222 1116 5285 Absit!
1160 5228 1266 5284 Sed
1296 5228 1507 5284 illorum
1555 5228 1777 5292 delicto,
1826 5227 1973 5281 salus
2001 5230 2085 5280 est

501 5329 757 5400 gentibus
788 5337 849 5383 ut
883 5326 992 5383 illis
1023 5323 1367 5381 mmulentur.
1406 5341 1423 5375 ι
1778 5394 1787 5399 ξ

579 5421 876 5493 PoStquam
937 5421 1107 5492 igitur
1160 5414 1492 5475 Suiiiclenter
1533 5413 1836 5470 eoniutavit
1871 5411 2087 5468 Jmizeos

506 5517 677 5586 quiin
705 5524 902 5571 vanum
930 5520 1152 5586 propter
1179 5512 1350 5578 legem
1378 5514 1539 5565 erant
1568 5508 1761 5575 inﬂati,
1780 5516 1833 5563 ct
1851 5508 2088 5563 ostendit

506 5609 721 5665 illorum
756 5606 1124 5664 exclusionem
1160 5608 1324 5660 totam
1365 5604 1521 5673 ipsis,
1552 5617 1658 5657 non
1692 5606 1876 5657 autem
1909 5596 2087 5655 Evan-

507 5702 632 5775 gelii
679 5698 1055 5774 prmdicationi
1097 5710 1221 5752 esse
1273 5694 1687 5766 imputandum,
1741 5707 1809 5748 ne
1862 5691 1964 5763 ipsi
2021 5692 2087 5745 de

505 5794 838 5866 semetipsis,
863 5792 951 5850 vel
981 5789 1273 5851 credentes
1295 5788 1362 5844 de
1394 5784 1531 5852 iiiis,
1566 5793 1623 5841 ut
1653 5785 1877 5842 omnino
1907 5784 2087 5854 pcrdi-

2165 3287 2338 3359 Δῆλον
2362 3282 2478 3353 οὖν,
2521 3288 2604 3342 ὅτι
2636 3287 2735 3359 τὴν
2762 3286 3094 3358 εὐεργεσίαν
3121 3286 3223 3357 τῆς
3261 3286 3490 3358 χάριτος
3518 3284 3763 3355 παρεχο-

2170 3379 2373 3451 μένης,
2404 3380 2459 3434 εῐ
2492 3395 2579 3444 τις
2617 3379 2792 3433 οἴεται
2843 3379 2933 3433 διὰ
2976 3378 3090 3432 τῶν
3133 3377 3313 3448 ἔργων
3364 3376 3573 3449 ταύτης
3620 3377 3760 3429 ἀπο-

2169 3473 2376 3539 λαύειν,
2412 3474 2631 3543 ἀναιρεῖ
2656 3472 2757 3544 τὴν
2785 3473 2949 3543 χάριν
2981 3472 3045 3526 τδ
3070 3472 3196 3526 ὅσον
3221 3471 3307 3541 ἐφ’
3329 3469 3534 3540 ἑαυτῷ,
3576 3469 3673 3523 καὶ
3693 3467 3761 3522 οὗ

2171 3564 2328 3637 μένει
2355 3566 2388 3635 ἡ
2418 3565 2580 3637 χάρις
2611 3565 2691 3618 ἔτι
2729 3566 2912 3636 χάρις,
2954 3563 3120 3618 πάλιν
3151 3562 3276 3616 οὓδὶ
3310 3561 3379 3616 τὰ
3423 3561 3564 3634 ἔργα
3605 3561 3763 3633 μένει

2170 3658 2341 3731 ἔργαι
2373 3658 2474 3729 τὴν
2502 3658 2612 3728 γὰρ
2667 3656 2876 3712 οἰκείαν
2905 3657 2965 3710 ού
2998 3654 3168 3721 σώζει
3214 3654 3403 3724 φύσιν.
3448 3650 3605 3707 Ἐπεὶ
3645 3654 3765 3716 τοῖς

2171 3749 2356 3820 ἔργοις
2389 3747 2599 3818 μισθὸς,
2627 3746 2743 3801 ἀλλ’
2771 3747 2832 3800 οὐ
2865 3747 3029 3818 χάρις
3052 3745 3340 3802 ἀκολουθεῖ
3363 3762 3378 3777 ο
3410 3745 3512 3815 τῆς
3537 3744 3766 3816 χάριτος

2172 3838 2266 3896 οὖν
2297 3839 2644 3913 χορηγούσης
2672 3840 2774 3913 τὴν
2800 3838 3147 3912 εὐεργεσίαν,
3197 3839 3301 3894 κᾶν
3346 3854 3435 3903 τις
3480 3838 3550 3893 δι’
3582 3839 3765 3910 ἔργων

2172 3934 2381 4005 ταύτης
2407 3935 2594 4005 τυχεῖν
2623 3931 2970 4004 πειρασθεὶη,
2994 3933 3077 3997 εἰς
3105 3932 3287 4003 μάτην
3314 3930 3469 3985 ἔσται
3500 3931 3534 4002 ἡ
3569 3933 3763 4003 πεῖρα,

2178 4026 2318 4097 μήτε
2352 4023 2461 4079 τῶν
2487 4024 2689 4095 ἔργων,
2720 4023 2901 4097 ἔργων
2934 4024 3016 4077 ἔτι
3067 4023 3389 4095 δυναμένων
3434 4026 3638 4096 μεῖναι.
3686 4024 3766 4078 Οὐ

2175 4120 2285 4191 γὰρ
2306 4118 2459 4172 ἔσται
2486 4116 2701 4182 τούτοις
2725 4114 2940 4188 μισθὸς,
2969 4116 3074 4187 τῆς
3100 4116 3325 4188 χάριτος
3356 4114 3765 4187 πμλαὸούσης.

2177 4211 2289 4265 Καὶ
2325 4207 2826 4282 ματαιοπονοῶτος
2876 4206 3065 4261 λαϐεῖν
3120 4207 3189 4261 δι’
3220 4206 3426 4277 ἔργων,
3476 4205 3505 4261 ὃ
3556 4208 3769 4278 προῖκα

2178 4299 2452 4373 παρέσχεν
2488 4290 2522 4370 ἡ
2559 4298 2741 4369 χάρις.
2792 4292 2861 4352 El
2893 4296 3044 4367 γοῦν
3090 4296 3307 4365 χάριτι,
3345 4295 3504 4367 φησὶ,
3558 4294 3768 4350 οὐκέτι

2176 4389 2245 4456 ἐξ
2275 4391 2485 4461 ἔργων.
2531 4389 2688 4443 Ἐπεὶ
2719 4391 2769 4444 εἰ
2798 4388 3128 4462 συγχωρηθῇ
3163 4389 3223 4443 τὸ
3245 4389 3306 4455 ἔξ
3332 4390 3533 4462 ἔργων,
3559 4386 3775 4459 ἀνῄρη-

2179 4496 2270 4539 ται
2307 4485 2342 4556 ή
2376 4484 2559 4557 χάρις,
2581 4483 2745 4555 χάρις
2771 4476 2912 4537 εἶναι
2933 4499 2949 4515 ο
2986 4481 3149 4535 πάλιν
3173 4482 3224 4536 si
3256 4481 3317 4547 ἐξ
3345 4481 3545 4554 ἔργων,
3578 4479 3773 4534 οὐκέτι

2184 4575 2302 4631 ἔστῖ
2349 4575 2547 4647 χάρις·
2591 4574 2715 4628 ἐπεὶ
2769 4572 2820 4628 εἰ
2865 4573 3196 4646 συγχωρηθῇ
3254 4574 3290 4645 ἡ
3341 4572 3526 4643 χάρις,
3579 4570 3777 4625 οὐκέτι

2186 4669 2340 4739 μένει
2366 4669 2428 4722 τὸ
2452 4667 2635 4739 ἔργον,
2663 4664 2843 4738 ἔργον.

2260 4782 2278 4813 ι
2311 4758 2555 4815 Ἔδωκεν
2607 4758 2793 4823 αὐτοῖς
2824 4761 2853 4813 δ
2883 4758 3017 4823 Θεὸς
3065 4756 3285 4829 πνεῦμα
3336 4754 3712 4823 κατανύξεως.
3747 4774 3771 4808 ι

2254 4953 2350 5017 Ἢ,
2383 4951 2620 5022 πνεῦμα
2671 4947 3079 5015 κατανύξεως,
3111 4946 3235 5001 ἀντὶ
3280 4948 3410 5013 τοῦ,
3447 4945 3779 5020 προαίρεσιν

2185 5043 2523 5117 βαρυτάτην,
2554 5040 2814 5114 δεομένην
2846 5039 3141 5111 μετανοίας
3169 5040 3266 5093 καὶ
3294 5038 3664 5109 διορθώσεως.

2260 5156 2278 5189 ι
2321 5135 2479 5203 Λέγω
2525 5129 2642 5199 οὖν,
2674 5130 2770 5205 Μὴ
2817 5129 3102 5195 ἔπταισαν,
3134 5126 3221 5185 ἵνα
3274 5130 3523 5195 nestum;
3560 5130 3654 5199 Μὴ
3684 5127 3780 5195 γέ-

2183 5245 2357 5283 νοιτοο
2390 5227 2528 5281 ἀλλὰ
2556 5226 2637 5294 τῷ
2668 5220 2849 5279 αὐτῶν
2882 5223 3294 5296 παραπτώματι
3324 5223 3359 5293 ἡ
3388 5219 3635 5290 σωτηρία
3663 5220 3781 5281 τοῖς

2183 5322 2416 5388 ἔθνεσιν,
2445 5321 2525 5383 εἰς
2548 5320 2610 5373 τὸ
2638 5316 3038 5390 παραζηλῶσαι
3064 5313 3284 5378 αύτούς.
3321 5332 3340 5365 ι

2258 5412 2797 5482 Καταγωνισάμενος
2825 5404 2919 5463 οὖν
2951 5406 3152 5470 ἱκανῶς
3198 5405 3299 5477 τὴν
3335 5403 3446 5458 τῶν
3500 5401 3786 5456 ἰουδαῖων

2191 5504 2829 5580 μερίδα,τετυφωμένων
2856 5500 2982 5571 εἰκῆ
3010 5499 3099 5553 διὰ
3123 5497 3215 5552 τὸν
3243 5497 3432 5567 νόμον,
3468 5492 3564 5549 καὶ
3594 5493 3783 5547 αὐτῶν

2190 5598 2416 5671 σφάλμα
2444 5593 2620 5652 διόλου
2656 5594 2755 5664 τὴν
2780 5588 2960 5647 αὐτῶν
2986 5586 3168 5657 δείξας
3210 5586 3508 5659 ἀποϐολὴν,
3562 5584 3659 5640 καὶ
3711 5588 3782 5641 οὐ

2186 5690 2281 5746 τοῦ
2317 5688 2697 5761 κηρύγματος,
2734 5684 2824 5737 ἵνα
2857 5683 2933 5754 μὴ
2958 5682 2993 5754 ’ἢ
3020 5676 3175 5735 αὐτοὶ
3201 5680 3329 5751 περὶ
3352 5678 3585 5742 ἑαυτῶν,
3611 5676 3645 5748 ἢ
3678 5677 3783 5732 καὶ

2188 5785 2236 5838 οἱ
2273 5778 2700 5840 πεπιστευκότες
2749 5775 2875 5848 περὶ
2922 5773 3121 5840 αὐτῶν,
3155 5772 3230 5837 ὡς
3262 5772 3391 5843 περὶ
3424 5769 3782 5826 παντάπασιν
