4086 6386
515 266 652 330 1719

1615 275 1992 337 GENNADII
2031 273 2542 341 PATRIARCIUE
2579 283 2690 344 ΟΡ.

3655 286 3796 352 1720

505 384 631 454 tigit
670 384 728 440 in
759 385 958 456 Israel,
1013 390 1178 445 donec
1217 387 1492 458 plenitudo
1548 392 1786 460 gentium
1836 392 2082 446 intraret.

2193 391 2328 461 οἷον,
2357 394 2439 462 τὸ,
2481 398 2765 468 Πὼρωσις
2805 399 2928 456 ἀπὸ
2967 398 3193 470 μέρους
3221 401 3303 468 τῷ
3344 401 3596 472 Ἰσραὴλ
3621 403 3794 475 τέγο-

509 473 628 531 Non
653 477 798 533 enim
827 488 886 534 ιιι
913 479 1257 537 saivarentur
1286 481 1537 551 gentiles,
1575 482 1796 552 quidam
1837 483 1890 537 in
1925 482 2092 539 Israel

507 569 772 626 excaecat]
811 580 977 641 sunt;
1021 572 1116 628 sed
1172 573 1472 629 caecitatem
1531 573 1748 630 illorum
1800 575 2091 631 subsecuta

509 669 593 717 est
623 661 770 718 salus
801 663 1066 733 gentium.
1099 663 1208 722 Et:
1241 665 1345 721 Isti
1389 678 1565 722 autem
1613 685 1717 723 non
1748 669 2089 725 crediderunt

507 752 564 806 in
589 762 814 808 vestram
845 755 1284 824 misericordiam,
1333 767 1391 814 ut
1429 771 1478 815 et
1512 760 1618 830 ipsi
1661 760 2090 817 misericordiam

506 857 917 916 consequantur.
953 846 1021 905 Et
1047 851 1228 906 omnia
1265 852 1571 923 hujusmodi
1604 868 1726 923 qua:
1767 856 1819 908 in
1869 857 2090 912 modum

504 938 944 996 criminatorium
963 943 1273 1012 traduntur,
1293 946 1395 1002 etsi
1409 960 1634 1002 sensum
1650 945 2089 1004 criminatorium

502 1043 612 1084 non
639 1029 896 1088 habeant.

1141 1147 1298 1203 CAP.
1337 1147 1452 1204 XII.

578 1254 748 1312 Vens.
789 1260 839 1312 i.
877 1279 896 1312 ι
936 1259 1178 1316 Obsecro
1201 1261 1387 1333 itaque
1405 1277 1523 1332 vos,
1544 1263 1764 1330 fratres,
1798 1279 1897 1338 per
1929 1268 2089 1324 mise-

503 1343 798 1403 ricordiam
826 1349 942 1417 Dei,
969 1360 1029 1405 ut
1055 1353 1363 1410 exhibeatis
1380 1369 1611 1425 corpora
1634 1368 1817 1414 vestra
1851 1359 2086 1413 hostiam

502 1435 797 1506 viventem,
866 1450 1138 1510 sanctam,
1202 1443 1314 1500 Deo
1380 1448 1712 1517 placentem,
1766 1449 2087 1506 rationabile

500 1529 819 1601 obsequium
853 1544 1112 1591 vestrum.
1154 1557 1174 1589 ι

572 1621 690 1678 Huc
728 1638 900 1694 usque
933 1626 988 1680 in
1019 1629 1162 1684 datis
1183 1644 1347 1699 supra
1397 1633 1462 1687 de
1497 1634 1748 1706 dogmate
1777 1649 2084 1691 sermonem

502 1715 808 1782 protraxit;
836 1717 1035 1772 eximie
1058 1721 1125 1772 ad
1150 1721 1410 1776 moralem
1433 1733 1643 1780 tantum
1689 1727 2087 1796 transgreditur

501 1805 825 1861 doctrinam.
874 1807 985 1863 Hoc
1018 1825 1146 1866 vero
1187 1813 1238 1866 in
1279 1815 1533 1870 omnibus
1558 1815 1675 1884 ejus
1711 1816 1988 1886 Epistolis,
2027 1826 2083 1872 et

495 1896 618 1964 jure
645 1899 884 1968 quidem,
924 1901 1072 1957 facit.
1106 1902 1332 1972 Oportet
1355 1907 1520 1972 enim,
1567 1917 1626 1962 ut
1657 1909 1873 1977 opinor,
1929 1908 2078 1963 illum

501 1989 594 2055 qui
627 1988 740 2044 vult
771 1992 979 2058 optime
1009 1994 1208 2060 vivere,
1242 1995 1408 2050 Deum
1437 2013 1765 2069 cognoscere
1780 2007 1833 2054 et
1859 1999 2082 2054 credere

502 2080 738 2147 primum
794 2083 918 2150 quia
963 2095 1046 2139 est
1079 2093 1132 2139 et
1182 2087 1313 2155 quia
1343 2088 1517 2158 ipsum
1568 2089 1943 2158 quaerentibus
1987 2103 2084 2157 per

501 2167 698 2223 bonam
730 2171 896 2226 vitam
940 2187 1320 2232 remunerator
1372 2180 1610 2234 exsistit.
1643 2180 1845 2236 Paulus
1901 2189 2080 2235 autem

498 2273 566 2312 ex
599 2260 840 2330 praefatis
873 2264 940 2317 ad
974 2265 1376 2322 conclusionem
1405 2271 1768 2339 progreditur,
1822 2279 1877 2326 et
1915 2287 1980 2325 ex
2017 2271 2082 2326 iis

501 2351 697 2420 quibus
724 2353 1027 2424 dogmatica
1065 2361 1363 2426 conclusit,
1401 2362 1610 2419 ethices
1637 2363 1870 2433 sumpsit
1915 2379 2080 2419 exor-

499 2440 674 2492 dium.

541 2455 674 2496 ιυιιι.

574 2627 741 2685 Vens.
769 2631 824 2686 5.
857 2652 876 2683 ‹
918 2634 1048 2690 Dico
1079 2636 1224 2690 enim
1274 2653 1373 2706 per
1401 2638 1631 2708 gratiam
1656 2654 1775 2708 quae
1822 2641 1950 2692 data
1997 2646 2083 2692 est

503 2721 656 2778 mihi.
700 2741 720 2775 ι

575 2810 693 2879 Vel,
717 2831 810 2884 per
825 2819 1052 2885 gratiam
1083 2818 1181 2873 Dei
1209 2836 1326 2890 quia
1346 2820 1473 2874 data
1500 2831 1575 2874 est
1607 2822 1759 2888 mihi,
1779 2823 1932 2890 dixit,
1959 2839 2079 2892 pro,

501 2919 625 2959 cum
677 2917 1004 2975 potestatem
1055 2911 1170 2967 haec
1199 2927 1296 2968 vos
1345 2913 1633 2970 docendia
1675 2913 1856 2969 divina
1907 2917 2082 2986 gratia

501 3000 828 3066 acceperim.

2197 506 2327 554 rer,
2371 489 2547 560 ἄχρις
2581 486 2656 549 οὗ
2694 491 2762 545 τὸ
2812 493 3108 563 πλήρωμα
3146 493 3266 548 τῶν
3301 495 3495 550 ἐθνῶν
3521 495 3782 566 εἰσέλθῃ.

2198 582 2276 634 οὐ
2335 581 2447 653 γὰρ
2503 582 2590 638 ἵνα
2646 583 2898 639 σωθῶσιν
2953 586 3004 640 οε
3051 584 3294 650 ἐθνικοὶ,
3347 585 3435 642 διὰ
3487 585 3644 640 τοῦτο
3695 585 3794 640 τοῦ

2210 670 2429 744 Ἰσραήλ
2450 691 2599 739 τινες
2622 675 3030 746 ἐπωρώθησαν
3068 675 3208 732 ἀλλά
3252 678 3630 748 πωρωθέντων
3667 677 3796 731 τού-

2197 779 2331 831 των,
2359 766 2540 820 ἐκεῖνο
2568 764 3001 839 ἐπηκολούθησε.
3050 768 3162 824 Καὶ
3207 767 3290 835 τὸ,
3329 768 3693 834 Ἠπειθησαν
3719 767 3793 822 δὲ

2197 856 2278 923 τῷ
2306 858 2570 928 ὑμετέρῳ
2595 859 2770 925 ἐλέει,
2818 860 2921 914 ινα
2956 859 3058 915 καί
3105 862 3274 915 αὐτοὶ
3321 855 3636 928 ἐλεηθῶσι.
3677 861 3790 914 Καὶ

2198 949 2380 1004 πάντα
2416 950 2518 1004 ὅσα
2567 949 2815 1014 τοιαῦτα.
2860 951 3004 1007 κατά
3042 951 3136 1007 τὸν
3172 951 3482 1006 αἰτιατικδν
3513 949 3790 1005 ἐκδέδοται

2197 1041 2422 1110 τρόπον,
2454 1042 2556 1096 ούκ
2583 1041 2776 1106 ἔγοντα
2804 1043 2899 1098 τὸν
2929 1042 3054 1097 νοῦν
3081 1043 3409 1099 αίτιατικόν.

2839 1157 2998 1212 ΚΕΦ.
3035 1158 3139 1214 IB’.

2272 1271 2615 1343 «Παρακαλῶ
2642 1266 2735 1326 οὖν
2764 1273 2932 1342 ὑμᾶς,
2957 1273 3200 1343 ἀδελφοὶ,
3228 1273 3319 1327 διὰ
3347 1273 3456 1326 τῶν
3477 1271 3788 1344 οἰκτιρμῶν

2193 1363 2288 1418 τοῦ
2342 1363 2500 1428 Θεοῦ,
2563 1365 2916 1436 παραστῆσαι
2969 1364 3038 1419 τά
3102 1366 3332 1436 σώματα
3380 1365 3536 1436 ὑμῶν
3590 1365 3791 1419 θυσίαν

2195 1455 2399 1522 ζῶσαν,
2437 1457 2623 1524 ἁγίαν,
2653 1458 2948 1528 εύάρεστον
2974 1456 3054 1529 τῷ
3083 1457 3223 1530 Θεῷ,
3259 1459 3359 1528 τὴν
3389 1457 3616 1529 λογικὴν
3653 1456 3790 1511 ταύ-

2193 1566 2295 1621 την
2321 1549 2579 1621 λατρείαν
2608 1549 2784 1620 ὑμῶν,
2821 1569 2839 1603 ι

2267 1643 2435 1714 Ἄχρι
2466 1641 2659 1696 τούτου
2688 1642 2780 1696 τὸν
2809 1644 2938 1713 περὶ
2961 1643 3232 1715 δόγματος
3263 1643 3352 1697 διὰ
3381 1642 3492 1696 τῶν
3536 1659 3789 1715 προαπο-

2121 1759 2160 1814 Β
2190 1731 2492 1804 δεδομένων
2519 1733 2881 1804 συμπεράνας
2908 1735 2965 1787 λό
2981 1751 3086 1803 [ον.
3115 1734 3368 1789 ἐντεῦθεν
3394 1735 3580 1789 λοιπὸν
3610 1734 3788 1788 καθα·-
3891 1725 3894 1727 λ

2190 1825 2300 1897 ρῶς
2331 1823 2426 1878 ἐπὶ
2452 1823 2551 1894 τὴν
2581 1823 2782 1894 ἠθικὴν
2823 1823 3175 1879 διδασκαλίαν
3213 1825 3557 1896 μεθίσταται.
3607 1823 3786 1879 Τοῦτο

2183 1917 2239 1970 δὲ
2273 1913 2362 1969 διὰ
2396 1913 2588 1968 πασῶν
2613 1913 2779 1967 αὑτοῦ
2811 1917 2955 1968 ποιεί
2973 1914 3082 1969 τῶν
3116 1916 3469 1982 Ἐπιστολῶν,
3501 1916 3598 1969 καὶ
3632 1913 3782 1983 μάλα

2185 2007 2431 2070 είκότως.
2467 2007 2563 2058 Δεῖ
2589 2005 2720 2077 γὰρ,
2764 2007 2840 2070 ὠς
2873 2003 3049 2077 οἶμαι,
3097 2007 3189 2060 τὸν
3226 2007 3301 2070 ὼς
3339 2007 3539 2078 ἀριστα
3587 2004 3785 2076 βιώσε-

2184 2098 2310 2151 σθαι
2359 2097 2642 2166 μέλλοντα,
2691 2097 2897 2166 γνῶναί
2947 2115 3005 2150 τε
3053 2097 3146 2151 καὶ
3179 2097 3470 2150 πιστεῦσαι
3506 2096 3583 2167 τῷ
3628 2095 3778 2166 Θεῷ,

2184 2190 2401 2260 πρῶτον
2434 2190 2516 2244 ὅτι
2545 2189 2720 2257 ἔστιν,
2751 2185 2853 2243 εἷθ’
2883 2191 2965 2244 ὅτι
2993 2191 3088 2244 καὶ
3129 2192 3244 2254 τοῖς
3267 2188 3592 2260 ἐκζητοῦσιν
3617 2188 3786 2243 αὐτὸν

2183 2282 2251 2335 δι’
2281 2282 2496 2352 ἀγαθῆς
2524 2281 2824 2349 πολιτείας,
2873 2283 3275 2355 μισθαποδότης
3300 2285 3536 2353 γίνεται.
3568 2283 3784 2355 Χωρῶν

2184 2375 2241 2429 δὲ
2265 2375 2360 2429 ἐπὶ
2387 2377 2488 2446 τὴν
2513 2375 2790 2446 συμϐολὴν
2813 2377 2876 2428 ὲκ
2905 2375 3014 2430 τῶν
3036 2377 3457 2447 προειρημένων
3481 2374 3650 2446 αύτῷ,
3685 2375 3785 2430 καὶ

2185 2469 2243 2520 ἑν
2272 2461 2354 2531 οἷς
2379 2467 2745 2522 ἀπεπαύσατο
2788 2467 2897 2521 τῶν
2932 2467 3304 2539 δογματικῶν,
3355 2470 3420 2521 ὲκ
3445 2467 3654 2521 τούτων
3683 2466 3785 2538 τὴν

2185 2560 2362 2631 ἀρχὴν
2394 2559 2566 2629 αὐτῆς
2591 2561 2913 2631 ἐποιήσατο.

2263 2672 2281 2703 ι
2313 2654 2470 2723 Λέγω
2506 2653 2616 2726 γὰρ
2645 2652 2734 2706 διὰ
2763 2654 2861 2724 τῆς
2886 2653 3108 2725 χάριτος
3135 2655 3232 2725 τῆς
3257 2653 3504 2725 δοθείσης
3540 2671 3649 2725 μοι.
3683 2671 3703 2704 s

2259 2840 2327 2893 Ἥ
2358 2838 2440 2905 τὸ,
2471 2837 2569 2892 διὰ
2595 2837 2705 2906 τῆς
2735 2839 2977 2908 χάριτος
3018 2841 3126 2897 τοῦ
3169 2840 3319 2895 Θεοῦ
3349 2839 3459 2908 τῆς
3495 2838 3787 2907 δοθείσης

2177 2949 2301 3003 μοι,
2335 2931 2463 3002 ἔφη,
2498 2931 2622 2984 ἀντι
2654 2930 2774 2996 τοῦ,
2829 2931 2906 2995 ὡς
2951 2932 3051 3001 τὴν
3093 2931 3222 3004 περὶ
3265 2931 3472 2985 τούτων
3507 2930 3785 2986 διδάσκειν

2184 3025 2432 3093 ἐξουσίαν
2458 3026 2523 3077 ἐκ
2553 3023 2705 3086 θείας
2730 3027 2951 3094 χάριτος
2975 3024 3236 3094 εἰληφὼς.
3431 3019 3433 3021 ’

572 3087 737 3146 Vsus.
770 3091 821 3148 7.
862 3113 880 3145 ι
918 3093 1047 3150 Sive
1073 3097 1436 3153 ministerium
1468 3099 1519 3152 in
1555 3099 1937 3164 ministrando,
1965 3102 2081 3158 sive

2226 3087 2240 3093 ⁷
2267 3136 2285 3168 ι
2320 3116 2445 3170 Εἴτε
2471 3087 2772 3179 διακονίαν,
2805 3087 2862 3169 εν
2893 3117 2960 3187 τῇ
2981 3087 3228 3188 διακονία
3245 3131 3259 3146 ·
3293 3117 3404 3171 εἴτε
3430 3117 3460 3170 δ
3484 3114 3780 3184 διδάσκων,

498 3181 590 3252 qui
627 3185 785 3239 docet
813 3186 864 3239 in
899 3187 1167 3244 doctrina.
1203 3208 1222 3243 ι

571 3273 932 3331 Ministerium
951 3277 1104 3345 dicit,
1125 3280 1442 3340 facultatem
1471 3288 1790 3357 quibusdam
1814 3289 2083 3344 inhaeren-

499 3372 612 3418 tem
635 3365 703 3420 iis
733 3366 825 3434 qui
857 3367 1102 3438 indigent
1125 3372 1471 3429 ministrandi
1502 3390 1516 3442 ;
1545 3377 1849 3432 doctrinam
1878 3389 2080 3446 autem,

499 3452 804 3508 absolutum
829 3458 1114 3513 consilium
1144 3476 1160 3528 ;
1193 3463 1654 3532 exhortationem,
1688 3477 1926 3523 mutuam
1951 3471 2082 3526 doc.

501 3544 700 3599 trinam
734 3563 750 3613 ;
789 3547 1218 3620 simplicitatem,
1281 3553 1488 3612 fraudis
1533 3567 1589 3613 et
1629 3560 1845 3615 invidias
1887 3562 2083 3618 absen-

501 3635 680 3704 tiam;
748 3637 1110 3707 hilaritatem,
1189 3647 1434 3703 animum
1509 3651 1578 3704 ad
1644 3652 2080 3708 misericordiam

499 3736 834 3798 promptum,
884 3733 1291 3792 miserationem
1357 3754 1482 3794 cum
1534 3745 1733 3813 gaudio
1786 3747 2082 3801 ostenden-

500 3829 634 3909 tem.
671 3818 783 3877 Hoc
815 3831 998 3879 tamen
1023 3827 1311 3884 secundum
1342 3833 1604 3888 rationem
1627 3835 1775 3904 ﬁdei,
1810 3853 1916 3894 non
1949 3853 2081 3909 pro-

500 3908 698 3978 phetia:
728 3920 936 3968 tantum
960 3918 1233 3985 congruit.
1273 3919 1369 3975 sed
1397 3922 1650 3980 omnibus
1677 3933 1763 3981 est
1791 3908 2081 3985 commune

499 4000 659 4057 donis
708 4011 764 4058 et
807 4005 991 4060 omnia
1046 4007 1154 4064 alia
1187 4011 1254 4064 ad
1307 4012 1448 4067 idem
1501 4015 1824 4073 relationem
1856 4018 2078 4075 habent.

499 4090 623 4148 Siue
675 4096 1027 4152 ministerium
1083 4101 1140 4153 in
1187 4101 1564 4161 ministrando.
1625 4107 1758 4164 Vide
1810 4113 2082 4180 quomodo

498 4186 982 4244 iudiscriminatim
1010 4205 1406 4251 enumerantur
1423 4197 1589 4252 dona.
1607 4197 1840 4254 Parvum
1860 4201 2082 4271 ponitur

500 4277 779 4347 primum;
844 4298 1141 4352 magnum,
1203 4287 1478 4343 ultimum.
1561 4291 1676 4348 Hoc
1745 4294 1865 4362 ipso
1922 4297 2082 4351 docet

496 4369 794 4438 Apostolus
815 4388 920 4429 non
950 4375 1126 4430 inﬂari
1163 4392 1338 4448 neque
1372 4383 1584 4437 extolli.

573 4459 739 4518 Vens.
785 4464 874 4520 Π.
917 4485 936 4518 ι
974 4465 1116 4522 Nulli
1149 4471 1350 4524 malum
1383 4486 1480 4540 pro
1517 4473 1662 4528 malo
1697 4476 2012 4533 reddentes.
2054 4497 2072 4531 ι
2113 4463 2157 4518 Ῐ)

555 4554 694 4610 Cum
731 4571 835 4612 non
871 4561 1072 4614 malum
1101 4577 1200 4632 pro
1236 4563 1379 4618 malo
1421 4564 1672 4630 reddere,
1701 4565 1854 4634 juxta
1881 4569 2080 4628 divinae

497 4645 631 4714 legis
650 4658 1001 4718 perceptum,
1017 4651 1194 4716 multi,
1212 4666 1274 4706 ex
1295 4650 1376 4704 ira
1399 4651 1721 4718 iniustitiam
1737 4656 2073 4728 aztnuiantes,

496 4739 786 4794 stultitiam
821 4755 943 4796 esse
975 4741 1181 4808 dicunt,
1211 4752 1268 4798 et
1317 4755 1560 4798 amorem
1599 4747 1754 4815 pacis
1787 4759 1846 4804 ut
1881 4765 2070 4820 parum

498 4832 718 4886 homine
747 4832 971 4901 dignum
1024 4832 1208 4887 valere
1253 4833 1497 4890 dicentes
1529 4837 1581 4891 in
1633 4838 1858 4908 majoris
1890 4841 2075 4901 damni

497 4921 736 4974 studium
788 4920 1056 4985 feruntur,
1089 4921 1382 4990 Apostolus
1425 4939 1523 4982 nos
1563 4928 1814 4986 hortatur
1859 4943 1917 4989 ut
1959 4937 2076 4993 haec

495 5014 785 5084 fugiamus,
821 5025 879 5066 ut
911 5029 1016 5068 non
1069 5029 1135 5069 ex
1167 5015 1245 5070 ira
1278 5020 1528 5088 proprias
1560 5026 1926 5093 cogitationes
1971 5046 2073 5088 no-

431 5123 440 5130 ·
494 5115 638 5160 stras
679 5105 834 5175 quasi
856 5104 952 5159 Dei
977 5108 1232 5164 mandato
1264 5111 1516 5171 meliores
1537 5128 1854 5188 sequamur,
1879 5124 1974 5179 Sed
2011 5133 2071 5179 ut

492 5198 621 5252 huic
645 5197 990 5270 obediamns,
1034 5199 1155 5256 illas
1184 5203 1368 5260 valere
1391 5205 1660 5266 dicentes.

1103 5411 1255 5470 CAP.
1293 5411 1429 5468 Xiil.

557 5517 720 5577 Vens.
759 5522 812 5587 i,
837 5522 892 5580 2.
930 5543 950 5576 ι
979 5524 1169 5584 Omnis
1221 5529 1400 5583 anima
1481 5533 1839 5600 potestatibus
1895 5536 2069 5591 subii-

490 5609 760 5667 mioribus
788 5616 1002 5674 subdita
1035 5619 1106 5676 sit
1137 5662 1151 5675 .
1190 5635 1296 5677 non
1344 5629 1430 5674 est
1465 5621 1609 5675 enim
1635 5632 1879 5694 potestas
1904 5626 2009 5682 nisi
2033 5642 2062 5680 a

491 5699 648 5765 Deo:
688 5721 808 5779 qua“:
846 5720 1026 5772 autem
1050 5724 1178 5772 sunt
1213 5729 1242 5770 a
1279 5712 1388 5770 Dco
1411 5713 1676 5772 ordinata:
1699 5726 1848 5775 sunt.
1874 5715 2063 5791 itaque

2186 3211 2244 3262 ὲν
2268 3212 2334 3280 τῇ
2360 3208 2699 3280 διδασκαλία.
2738 3226 2756 3259 ι

2259 3300 2329 3352 Ἢ
2379 3296 2660 3352 διακονίαν
2722 3299 2912 3369 φησιν,
2958 3300 3061 3370 τὴν
3097 3299 3234 3370 πρὸς
3289 3297 3366 3352 τὸ
3409 3296 3782 3353 διακονεῖσθαι

2183 3394 2297 3454 τοῖς
2358 3390 2638 3462 δεομένοις
2703 3390 3018 3462 προσοῦσάν
3083 3408 3228 3444 τισιν
3301 3390 3720 3462 ἐπιτηδειότητα
3758 3406 3778 3422 ο

2183 3483 2539 3538 διδασκαλίαν
2561 3483 2642 3548 δὲ,
2667 3485 2767 3556 τὴν
2798 3484 3069 3538 ἀπόλυτον
3095 3482 3443 3556 συμϐουλήν·
3492 3482 3781 3554 παράκλη-

2185 3592 2271 3628 σιν
2309 3574 2387 3641 δὲ,
2417 3573 2516 3645 τὴν
2561 3573 2903 3644 κατάλληλον
2947 3574 3302 3629 διδασκαλίαν
3329 3590 3342 3604 ⁸
3383 3573 3686 3644 ἁπλότητα,
3715 3573 3780 3626 τὸ

2185 3666 2446 3720 ἁπλοϊκόν
2473 3682 2535 3717 τε
2569 3665 2663 3717 καὶ
2691 3663 2924 3733 ἄφθονον
2945 3683 2959 3698 ο
3005 3665 3320 3736 ἱλαρότητα,
3363 3664 3466 3735 τὴν
3494 3663 3779 3735 πρόθυμον

2182 3756 2264 3818 είς
2289 3755 2437 3808 ἔλεον
2465 3753 2712 3824 γνώμην,
2745 3755 2844 3826 τὴν
2877 3754 2974 3808 σὺν
3002 3755 3152 3826 χαρᾷ
3174 3755 3266 3807 τὸν
3286 3750 3470 3807 οἶκτον
3496 3753 3776 3806 ἐκδεικνυ-

2186 3847 2375 3919 μένην.
2394 3848 2467 3901 Τὸ
2491 3848 2696 3918 μέντοι,
2715 3847 2866 3901 κατὰ
2888 3849 3001 3916 τὴν
3019 3847 3352 3916 ἀναλογίαν
3369 3846 3480 3915 τῆς
3493 3847 3774 3912 πίστεως,

2181 3940 2244 3993 οὐ
2283 3941 2356 4012 τῇ
2390 3937 2701 4010 προφητείᾳ
2743 3937 2905 4008 μόνον
2949 3940 3244 4010 προσήκει,
3295 3938 3476 3992 κοινὸν
3526 3937 3583 3991 δὲ
3629 3937 3774 3992 κατά

2182 4034 2408 4086 παντων
2444 4033 2582 4097 ἐστὶ,
2638 4033 2734 4085 καὶ
2799 4031 2937 4101 πρὸς
2981 4032 3116 4084 αὐτὸ
3168 4030 3269 4102 τὴν
3321 4030 3604 4102 ἀναφορὰν
3658 4030 3774 4101 ἔχει

2181 4124 2380 4179 πάντα.
2407 4123 2544 4177 Εἴτε
2576 4126 2610 4176 ό
2642 4121 2946 4176 διδάσκων
2985 4122 3056 4177 ἐν
3096 4121 3174 4191 τῇ
3211 4121 3596 4191 διδασκαλίᾳ.
3626 4122 3774 4194 Ὅρα

2181 4217 2301 4282 πῶς
2325 4212 2636 4288 ἀδιαφόρως
2673 4215 2740 4270 τὰ
2773 4217 3094 4288 χαρίσματα
3116 4233 3128 4246 ·
3165 4216 3224 4270 τὸ
3272 4217 3492 4289 μικρὸν,
3528 4215 3769 4288 πρῶτον,

2180 4310 2274 4363 καὶ
2325 4309 2390 4362 τὸ
2445 4311 2610 4381 μέγα,
2659 4307 2920 4380 ὕστερον
2979 4310 3139 4364 πάλιν
3171 4309 3232 4362 τὸ
3262 4309 3394 4364 αύτὺ
3432 4309 3590 4364 τοῦτο
3636 4325 3773 4364 παι-

2181 4399 2371 4465 δεύων,
2407 4398 2471 4452 τὸ
2503 4399 2579 4470 μὴ
2606 4399 2882 4468 φυσᾶσθαι
2918 4400 3052 4471 μηδὲ
3087 4399 3432 4471 ἐπαίρεσθαι.

2261 4508 2280 4541 ι
2313 4487 2524 4558 Μηδενὶ
2553 4488 2729 4542 κακὸν
2761 4488 2884 4542 ἀντὶ
2914 4489 3088 4544 κακοῦ
3115 4490 3480 4554 ἀποδιδόντες.
3520 4509 3539 4541 ι

2263 4579 2486 4650 Ἐπειδὴ
2521 4580 2584 4633 τὸ
2619 4579 2695 4651 μὴ
2730 4581 2844 4644 τοῖς
2874 4582 3081 4652 ὁμοίοις
3108 4582 3416 4653 ἀμύνεσθαι
3444 4583 3572 4646 τοὺς
3595 4600 3769 4654 πονη-

2181 4673 2330 4745 ροὺς,
2391 4671 2486 4725 τοῦ
2543 4671 2692 4724 θείου
2745 4672 3159 4744 διαγορεύοντος
3203 4675 3392 4745 νόμον,
3439 4673 3624 4728 πολλοὶ
3653 4675 3767 4728 τῶν

2176 4763 2482 4835 ἀνθρώπων
2517 4764 2575 4816 ὲν
2606 4766 2726 4828 ταῖς
2770 4765 3006 4830 ἀδικίαις
3044 4767 3416 4839 ὲρεθιζόμενοι
3450 4767 3557 4820 ὑπὸ
3588 4765 3764 4840 θυμοῦ

2181 4857 2396 4928 μωρίαν
2423 4854 2583 4909 τοῦτο
2607 4856 2850 4924 δοκοῦσι,
2884 4859 2978 4912 καὶ⁵
3007 4859 3070 4914 τὸ
3111 4860 3363 4932 στέργειν
3400 4859 3500 4931 τὴν
3526 4859 3764 4931 ἡσυχίαν

2175 4947 2373 5010 ἐῶντες
2405 4946 2482 5012 ῶς
2525 4947 2806 5020 ἄνανδρον,
2855 4951 2938 5012 είς
2985 4949 3222 5023 σπουδὴν
3271 4951 3515 5022 μείζονος
3555 4951 3766 5022 βλάϐης

2175 5039 2553 5108 περιάγονται,
2592 5042 2851 5112 παραινεί
2884 5040 2962 5113 μὴ
2994 5040 3137 5094 οὕτω
3187 5045 3394 5109 ποιεῖν,
3460 5043 3595 5113 μηδὲ
3647 5044 3761 5107 τοῖς

2179 5125 2233 5191 ἐξ
2285 5129 2458 5200 ὀργῆς
2507 5129 2727 5193 οἰκείοις
2777 5133 3150 5202 παραχωρεῖν,
3199 5131 3274 5195 ὡς
3327 5133 3601 5202 κρείττοσι
3659 5131 3760 5201 τῆς

2179 5213 2327 5285 θείας
2376 5221 2673 5289 διατάξεως
2713 5222 3014 5293 λογισμοῖς,
3060 5225 3179 5278 ἀλλ’
3222 5225 3519 5279 ὑπακούειν
3549 5223 3756 5296 ἐκείνῃ,

2177 5315 2385 5386 χαίρειν
2413 5315 2689 5384 φήσαντας
2724 5315 2968 5380 τούτους.

2805 5431 2963 5485 ΚΕΦ.
3021 5429 3117 5486 II".

2247 5557 2266 5589 ι
2296 5539 2454 5593 Πᾶσα
2488 5539 2634 5612 ψυχὴ
2666 5541 2937 5606 ἐξουσίαις
2983 5543 3383 5614 ὑπερεχούσαις
3443 5544 3758 5596 ὑποτασσέ-

2175 5631 2318 5684 σθωο
2358 5632 2420 5685 οὐ
2467 5633 2574 5704 γάρ
2605 5635 2750 5688 ἐστιν
2782 5627 2998 5700 ἐξουσία
3045 5635 3095 5688 εί
3130 5635 3205 5708 μὴ
3245 5635 3357 5689 ἀπὸ
3387 5635 3556 5689 Θεοῦο
3603 5637 3660 5689 ai
3693 5636 3754 5689 δὲ

2172 5715 2327 5778 οὖσαι
2352 5721 2611 5790 ἐξουσίαι,
2641 5723 2747 5780 ὑπὸ
2785 5724 2921 5780 6εοῦ
2960 5727 3292 5798 τεταγμέναι
3333 5727 3492 5783 είσίν.
3530 5727 3697 5782 Ὥστε
3732 5730 3760 5780 ὁ
