4086 6442
267 321 433 391 1721
1354 329 1819 392 FRAGMENTA
1856 332 1912 394 ll‘

2021 332 2223 396 lPIST.
2266 335 2368 396 AD
2405 332 2595 395 ROM.
3481 327 3621 396 1722

259 439 783 513 ἀντιτασσόμενος
830 442 900 512 τῇ
951 439 1192 514 ἐξουσία,
1239 443 1308 514 τῇ
1364 443 1458 498 τοῦ
1510 444 1648 498 Θεοῦ
1691 445 1912 518 διαταγῇ

2031 447 2122 517 qui
2156 446 2363 502 resistit
2397 442 2678 515 potestati,
2725 442 2820 500 Dei
2870 441 3206 499 ordinationi
3246 441 3477 500 resistit.
3508 444 3616 511 Qui

259 529 700 602 ἀνθέστηκεν·
754 533 805 589 oi
855 533 914 587 δὲ
969 535 1390 608 ἀνθεστηκότες,
1459 540 1638 608 κρῖμα
1707 539 1912 604 ἑαυτοῖς

2025 547 2208 593 autem
2242 537 2524 604 resistunt,
2550 536 2655 606 ipsi
2675 536 2780 591 sibi
2807 533 3212 591 damnationem
3237 535 3557 606 acquirunt.
3588 552 3610 588 ι

263 619 610 695 λήψονται.
643 644 662 677 ι

175 737 247 786 si
368 715 486 769 Ἐν
555 717 702 788 ἀρχῇ
751 717 849 771 τοῦ
905 718 1262 790 κηρύγματος
1313 721 1752 793 κεκρατημένοις
1807 723 1924 787 τοῖς

266 808 634 878 ἀνθρώποις
668 810 774 864 ὑπὸ
803 811 914 866 τῶν
955 813 1239 885 προτέρων
1266 813 1428 880 ἐθῶν,
1472 813 1922 886 δυσπαράδεκτον

264 895 354 974 ἦν
382 903 460 956 τὸ
486 904 857 972 Εὐαγγέλιον,
888 905 1319 976 ὑπισχνούμενον
1341 907 1436 959 καὶ
1457 906 1524 960 τὰ
1547 907 1688 979 ὑπὲρ
1713 907 1922 962 ἔννοιαν

267 994 696 1066 ἀνθρωπίνην,
729 997 822 1050 καὶ
858 998 989 1069 παρ’
1033 997 1262 1053 ίδιωτῶν
1306 1001 1402 1053 καὶ
1443 1000 1677 1070 πτωχῶν
1717 1016 1922 1069 καταγ-

268 1085 673 1156 γελλόμενον.
705 1081 782 1142 Οῦ
809 1089 992 1159 χάριν,
1020 1090 1190 1162 πολλή
1232 1109 1317 1155 τις
1353 1088 1424 1164 ἦν
1449 1091 1573 1146 τότε
1593 1093 1702 1145 τῶν
1725 1108 1921 1163 χαρισ-

2073 718 2236 774 Initio
2259 716 2665 788 praedicationis
2693 716 3028 787 evangelicae
3045 715 3267 773 dilﬁcile
3295 725 3415 772 erat
3435 715 3616 774 homi-

2025 810 2184 865 nibus
2245 810 2346 865 sub
2389 810 2621 879 imperio
2679 808 2924 878 priorum
2987 823 3200 863 morum
3257 807 3615 879 Evangeiium

2024 903 2269 972 recipere
2300 903 2446 972 quod
2495 917 2584 958 res
2645 917 2808 972 supra
2855 909 3095 956 mentem
3130 901 3424 956 humanam
3471 917 3615 972 pro-

2023 996 2292 1059 mittebat,
2321 995 2466 1051 etab
2487 995 2674 1051 idiotis
2700 993 3140 1065 pauperibusque
3187 992 3613 1064 praedicabatur.

2023 1095 2174 1150 Hanc
2212 1105 2435 1166 propter
2477 1109 2699 1150 causam
2759 1103 2893 1148 tunc
2953 1093 3120 1147 multa
3167 1101 3290 1147 erat
3345 1091 3612 1148 donorum

273 1179 511 1250 μάτων
543 1182 575 1251 ἡ
606 1181 862 1252 χορηγία,
883 1182 1214 1238 δυσωποῦσα
1233 1184 1456 1247 τούτους
1480 1184 1920 1255 μεταμανθάνειν

266 1271 356 1326 τὰ
421 1273 600 1344 παρὰ
648 1273 756 1327 τῶν
806 1273 1126 1328 ἀποστόλων
1177 1274 1505 1346 διδάγματα.
1568 1276 1804 1346 Κάτοχοι
1861 1276 1919 1330 δὲ

270 1362 602 1434 γινόμενοι
647 1363 728 1435 τῷ
788 1364 1091 1435 Πνεύματι,
1145 1368 1238 1421 καὶ
1282 1363 1400 1421 οἷον
1455 1368 1566 1438 πρὸ
1621 1367 1919 1439 ὀφθαλμῶν

271 1455 560 1527 ὁρῶντες
599 1455 672 1510 τὰ
708 1458 1088 1528 κηρυττόμενα
1137 1459 1226 1514 διὰ
1276 1460 1378 1530 τῆς
1415 1460 1703 1533 διδομένης
1733 1462 1918 1524 αὐτοῖς

278 1549 406 1602 ὑπὸ
443 1547 556 1602 τοῦ
611 1550 932 1621 Πνεύματος
979 1551 1230 1617 ἐξουσίας
1269 1555 1349 1617 είς
1380 1553 1481 1623 τὴν
1519 1554 1628 1607 τῶν
1672 1554 1919 1625 σημείων

276 1638 632 1711 ἐνέργειαν,
663 1639 932 1712 ἡτίμαζον
955 1641 1024 1694 τὰ
1050 1643 1314 1713 παρόντα,
1342 1643 1592 1707 πλοῦτον,
1619 1643 1797 1708 δόξαν,
1822 1643 1917 1698 καλ⁸

278 1729 606 1802 βασιλείαν
635 1733 828 1805 αὐτήν.
883 1735 980 1788 Ἐκ
1007 1735 1202 1788 τούτου
1232 1735 1552 1807 προϐαίνειν
1582 1736 1808 1807 ἔμελλεν
1835 1738 1917 1800 είς

277 1823 546 1888 στάσεις
588 1823 774 1888 αὐτοῖς
831 1823 894 1878 τὸ
949 1827 1218 1896 πρᾶγμα,
1277 1827 1534 1898 περιττὸν
1589 1828 1914 1898 ἡγουμένοις

282 1915 453 1987 μετὰ
483 1915 730 1986 Χριστὸν
755 1917 827 1987 τῇ,
853 1916 1093 1987 πρόσθεν
1121 1917 1382 1988 ἐμμένειν
1405 1919 1772 1984 καταστάσει,
1813 1919 1916 1989 τῆς

277 2007 584 2078 τοιαύτης
624 2007 853 2080 γνώμης
889 2010 1126 2080 μάλιστα
1160 2009 1255 2065 καὶ
1281 2010 1342 2076 ἐξ
1384 2011 1554 2083 αὐτῆς
1590 2013 1779 2076 αὐτοῖς
1815 2014 1917 2082 τῆς

293 2099 658 2168 Ἐπιστολῆς
693 2101 1066 2172 κυρουμένης.
1089 2103 1189 2156 Διὰ
1215 2101 1396 2175 πάσης
1428 2103 1540 2174 γὰρ
1560 2103 1914 2158 συνεϐούλευε

276 2191 353 2247 τὸ
395 2193 487 2264 μὴ
526 2193 668 2246 κατὰ
692 2193 873 2264 σάρκα
895 2192 1000 2264 ζῇν
1031 2193 1113 2248 ἔτι
1147 2195 1344 2259 αὐτοὺς
1373 2196 1449 2259 ὡς
1481 2194 1706 2266 Χριστῷ
1745 2213 1913 2266 μετα-

284 2283 583 2346 στάντας,
611 2281 751 2336 ἀλλὰ
774 2282 922 2336 κατὰ
951 2282 1191 2354 πνεῦμα.
1225 2283 1399 2336 Τοῦτο
1421 2278 1516 2338 οὖν
1543 2283 1914 2354 προῦπιδόμε-

280 2385 390 2437 νος
420 2373 455 2425 ό
501 2371 851 2437 Ἀπόστολος,
896 2370 996 2444 τὴν
1028 2371 1382 2446 ἁρμόζουσαν
1416 2371 1554 2442 πρὸς
1583 2371 1782 2434 αὐτοὺς
1817 2371 1913 2425 καὶ

280 2465 439 2538 περὶ
497 2463 691 2518 τούτου
748 2466 988 2518 ποιεῖται
1049 2464 1425 2531 διδασκαλίαν,
1490 2462 1671 2520 Πᾶσα
1715 2463 1910 2532 ψυχὴ,

281 2551 518 2624 λέγων,
568 2554 884 2621 ἐξουσίαις
935 2555 1403 2611 ὑποτασσέσθω·
1459 2555 1554 2610 καὶ
1599 2555 1700 2608 οὐκ
1738 2552 1912 2619 εἶπεν,

283 2648 742 2717 ἑξουσιάζουσιν,
776 2649 891 2704 ἀλλ’
915 2649 1252 2714 ἐξουσίαις,
1280 2649 1347 2703 ἵν’
1373 2650 1438 2702 ἐκ
1461 2647 1556 2701 τοῦ
1589 2649 1915 2718 πράγματος

280 2741 434 2805 τοὺς
470 2743 532 2796 ἐν
567 2741 648 2810 τῷ
690 2740 984 2810 πράγματι
1014 2740 1202 2811 διδάξῃ
1254 2739 1540 2809 τιμᾶσθαι,
1583 2740 1676 2794 καὶ
1717 2739 1793 2810 μὴ
1826 2739 1915 2794 διὰ

279 2835 404 2903 τήν
439 2848 612 2885 τινων
639 2831 842 2885 κακίαν
872 2830 936 2883 τὸ
971 2833 1208 2902 πρᾶγμα
1245 2830 1557 2902 ὑϐρίζηται.

374 2940 397 2974 ι
452 2918 715 2972 Ἀπόδοτε
747 2913 842 2972 οῦν
863 2920 1000 2972 πᾶσι
1028 2919 1128 2982 τὰς
1155 2918 1413 2987 ὀφειλάς·
1461 2917 1541 2988 τῷ
1586 2918 1678 2970 τὸν
1720 2915 1910 2988 φόρον,

281 3011 392 3067 τδν
429 3009 635 3080 φόρον·
675 3009 754 3080 τῷ
781 3010 843 3062 τὸ
871 3008 1046 3073 τέλος,
1075 3009 1135 3062 τὸ
1163 3008 1347 3072 τέλος·
1386 3007 1462 3080 τῷ
1491 3007 1582 3063 τὸν
1612 3007 1798 3077 φόὸον,
1819 3007 1912 3061 τὸν

284 3099 478 3173 φόϐον
504 3115 521 3132 ·
572 3098 650 3170 τῷ
678 3099 777 3170 τὴν
805 3099 997 3170 τιμὴν,
1037 3097 1137 3172 τὴν
1164 3099 1353 3170 τιμήν.
1392 3118 1410 3150 ι

2021 3111 2294 3176 timorem,
2329 3110 2580 3165 timorem
2615 3127 2631 3174 ;
2665 3111 2751 3165 cui
2793 3111 3079 3176 honorem,
3113 3111 3397 3166 honorem.
3433 3129 3455 3163 ι

371 3194 546 3247 Ἐστι
573 3193 632 3246 δὲ
664 3192 694 3246 ό
726 3192 893 3262 φόρος
928 3192 1026 3246 καὶ
1063 3192 1126 3246 τὸ
1181 3191 1361 3258 τέλος,
1401 3191 1622 3246 ταυτόν.
1687 3191 1912 3262 Ἀμέλει

2089 3199 2228 3255 Sunt
2269 3210 2451 3255 autem
2483 3200 2740 3254 tributum
2773 3208 2829 3254 et
2854 3197 3088 3268 vectigal
3128 3212 3293 3252 unum
3327 3207 3384 3253 et
3418 3197 3598 3254 idem.

288 3287 515 3360 φόρους
541 3287 600 3340 ὲν
633 3284 714 3356 τῷ
743 3284 850 3357 πρὸ
900 3283 1095 3339 τούτου
1130 3284 1283 3358 ρητῷ
1325 3285 1502 3339 τελεῖν
1541 3283 1715 3354 ἔφησε
1736 3303 1751 3316 ·
1807 3284 1912 3340 Διὰ

2021 3289 2216 3362 Utique
2247 3290 2300 3343 in
2331 3288 2660 3360 praecedenti
2691 3287 2964 3342 versiculo
3009 3285 3151 3340 dixit
3203 3294 3464 3355 praestare
3498 3283 3602 3338 tri-

2023 1186 2258 1256 largitio,
2278 1201 2374 1242 eos
2412 1185 2618 1256 pudore
2643 1185 2885 1240 alliciens
2915 1184 3064 1254 quod
3093 1197 3156 1237 ea
3197 1198 3319 1254 quae
3369 1184 3437 1238 ab
3469 1183 3615 1252 Apo-

2021 1279 2178 1335 stolis
2199 1279 2534 1334 docebantur
2551 1293 2656 1332 non
2691 1277 3000 1332 discebant.
3033 1275 3140 1331 Sed
3168 1273 3409 1344 Spiritus
3433 1275 3611 1330 sancti

2026 1369 2327 1440 participes
2353 1369 2557 1434 eﬂecti,
2575 1379 2630 1424 et
2659 1368 2816 1438 quasi
2847 1367 3024 1423 oculis
3051 1368 3299 1424 videntes
3319 1368 3611 1437 praedicata

2023 1473 2246 1532 propter
2265 1463 2566 1535 potentiam
2593 1478 2622 1516 a
2659 1462 2870 1532 Spiritu
2904 1462 3009 1515 illis
3043 1461 3224 1515 datam
3250 1462 3318 1515 ad
3342 1460 3608 1515 miracula

2023 1555 2302 1622 patranda,
2360 1554 2678 1624 praesentia,
2717 1553 2961 1614 divitias.
3006 1553 3238 1623 gloriam
3269 1561 3322 1607 et
3375 1567 3606 1622 regnum

2023 1643 2197 1712 ipsum
2229 1643 2622 1712 despiciebant.
2661 1645 2724 1699 Et
2755 1661 2841 1701 res
2865 1644 2919 1698 in
2947 1643 3236 1698 factionem
3265 1645 3418 1699 exire
3441 1645 3610 1699 debe-

2021 1736 2115 1789 bat
2145 1736 2277 1805 ipsis
2323 1737 2770 1792 existimantibus
2817 1751 2969 1790 suam
3020 1735 3300 1788 meliorem
3331 1749 3453 1789 esse
3488 1745 3610 1804 post

2017 1825 2290 1883 Christum
2321 1844 2485 1898 quam
2511 1838 2671 1882 antea
2704 1826 3094 1883 conditionem.
3125 1825 3280 1880 Talia
3306 1826 3606 1896 praesertim

2017 1927 2073 1973 et
2097 1931 2160 1972 ex
2200 1917 2302 1972 hac
2331 1917 2399 1971 ad
2455 1917 2576 1972 illos
2602 1916 2840 1986 Epistola
2867 1916 2993 1971 licet
3028 1928 3364 1985 cegnoscere
3401 1923 3455 1969 et
3473 1915 3608 1970 edu-

2017 2022 2162 2065 cere.
2197 2007 2331 2061 Nam
2363 2008 2417 2063 in
2453 2015 2564 2062 toto
2617 2006 2874 2075 Epistulae
2920 2007 3158 2062 decursu
3201 2021 3298 2062 eos
3352 2007 3608 2064 hortatur

2019 2112 2076 2154 ut
2104 2101 2158 2155 in
2188 2100 2466 2156 Christum
2504 2099 2758 2154 translati
2785 2099 2900 2168 jam
2921 2114 3028 2152 non
3055 2100 3354 2154 secundum
3381 2084 3603 2154 carnem

2015 2194 2198 2246 vivant
2230 2193 2323 2247 sed
2339 2191 2638 2249 secundum
2663 2191 2942 2260 spiritum.
2992 2189 3103 2246 Hoc
3121 2192 3267 2246 enim
3299 2190 3604 2258 praevidens

2013 2285 2344 2355 Apostolus,
2411 2285 2882 2339 accommodatam
2936 2282 3076 2352 ipsis
3125 2283 3220 2336 dat
3269 2283 3597 2347 doctrinam,

2015 2377 2206 2431 dicens
2238 2396 2252 2432 :
2289 2375 2470 2429 Omnis
2503 2374 2688 2428 animo
2737 2372 3087 2442 potestatibus
3120 2358 3337 2427 subdita
3354 2373 3445 2427 sit.
3480 2370 3600 2427 Non

2015 2468 2172 2532 dixit,
2206 2474 2536 2537 potestatem
2574 2464 2926 2528 habentibus,
2987 2466 3082 2520 sed
3135 2465 3505 2532 potestatibus,
3538 2471 3601 2518 ut

2015 2576 2081 2617 ex
2110 2560 2374 2632 dignitate
2396 2559 2590 2614 doceat
2640 2572 2735 2612 eos
2797 2558 3072 2612 honorare
3127 2555 3311 2624 quiin
3363 2569 3427 2610 ea
3468 2563 3601 2610 sunt

2014 2652 2320 2716 constituti,
2365 2659 2422 2706 et
2453 2650 2696 2721 dignitas
2738 2664 2808 2705 ex
2863 2647 3172 2718 aliquorum
3233 2647 3444 2703 malitia
3493 2661 3603 2704 non

2014 2743 2252 2814 patiatur
2279 2739 2556 2812 iniuriam.

2087 2925 2256 2982 Vens.
2288 2925 2340 2981 7.
2415 2946 2434 2979 ι
2467 2925 2703 2983 Reddite
2750 2941 2882 2997 ergo
2944 2926 3198 2984 omnibus
3249 2926 3430 2982 debita
3465 2941 3480 2980 :
3515 2925 3602 2980 cui

2014 3019 2301 3084 tributum,
2359 3018 2671 3085 tributum;
2728 3021 2816 3074 cui
2860 3019 3118 3087 vectigal,
3176 3016 3450 3088 vectigal;
3514 3017 3603 3072 cui

286 3379 488 3438 τοῦτο
526 3379 640 3448 γὰρ
661 3381 762 3434 καί
783 3379 1008 3448 φόρους
1032 3377 1282 3436 τελεῖτε.
1308 3378 1424 3432 Νῦν
1447 3379 1508 3432 δὲ
1530 3378 1665 3434 αὐτὸ
1692 3378 1909 3433 διεῖλεν·

286 3472 325 3545 ἡ
364 3471 540 3528 τοῦτο
591 3471 922 3542 βουλόμενος
979 3472 1179 3535 εἰπεῖν,
1235 3471 1321 3524 ὃτι
1379 3470 1507 3524 Είτε
1564 3469 1754 3541 φόρον,
1800 3471 1911 3524 εἴτε

285 3565 460 3630 τέλος
505 3563 567 3620 τὸ
615 3563 860 3619 τοιοῦτόν
901 3581 987 3628 τις
1024 3561 1202 3617 ἐθέλοι
1247 3563 1456 3628 καλεῖν,
1498 3561 1630 3632 ὑμῖν
1667 3579 1735 3631 γε
1779 3562 1911 3616 αὐτὸ

287 3658 592 3730 προσῆκον
631 3655 975 3711 ὲκτιννύναι·
1011 3655 1044 3727 ἡ
1078 3654 1141 3708 τὸ
1187 3655 1292 3725 μὲν
1342 3654 1546 3726 ἔφησε,
1590 3654 1768 3726 δηλῶν
1807 3655 1910 3725 τὴν

286 3753 374 3816 είς
405 3751 509 3806 τὸν
541 3750 804 3822 δημόσιον
832 3747 944 3802 τῶν
972 3747 1277 3820 χρημάτων
1319 3745 1636 3800 συντέλειαν
1655 3761 1668 3776 ·
1725 3744 1790 3798 ea
1829 3744 1907 3808 δὲ,

287 3845 395 3909 τὰς
460 3841 643 3906 tam;
706 3843 821 3906 τοῖς
872 3839 1235 3912 κεκτημένοις
1280 3836 1601 3909 προσόδους.
1661 3835 1747 3900 Τῷ
1801 3833 1910 3888 τὸν

289 3937 520 4006 φόϐον,
574 3935 683 3988 τὸν
713 3933 924 4003 φόϐον,
954 3925 1092 3998 οἷον,
1131 3933 1246 3995 τοῖς
1284 3931 1343 3983 ἐν
1383 3930 1616 4000 ἀρχαῖς·
1665 3924 1747 3992 τῷ
1793 3924 1910 3992 τὴν

291 4027 513 4096 τιμὴν,
545 4024 663 4095 τὴν
693 4025 895 4095 τιμὴν,
935 4018 1071 4091 οἷον,
1114 4023 1230 4087 τοῖς
1271 4021 1469 4092 φίλοις,
1504 4019 1600 4074 καὶ
1628 4019 1764 4084 ὅλως
1795 4019 1909 4082 τοῖς

294 4116 455 4190 πλησ
467 4109 565 4171 ίόν.

948 4250 1110 4304 ΚΕΦ.
1165 4250 1264 4304 ῙΔ’.

367 4405 387 4438 ι
409 4384 480 4436 '0
505 4380 718 4454 φρονῶν
742 4380 840 4453 τὴν
863 4379 1103 4452 ἡμέραν,
1134 4379 1333 4452 Κυρίῳ
1371 4379 1563 4451 φρονεῖ
1584 4395 1600 4411 ·
1636 4363 1738 4433 καὶ
1761 4379 1791 4433 ό
1828 4376 1906 4449 μὴ

292 4473 517 4550 φρονῶν
544 4472 641 4544 τὴν
673 4472 914 4544 ἡμέραν,
946 4470 1139 4542 Κυρίῳ
1167 4471 1228 4524 ού
1261 4472 1474 4542 φρονεῖ.
1510 4487 1530 4522 ι

365 4568 451 4622 Ἦ
473 4563 724 4637 περὶτῆς
758 4563 868 4617 τῶν
906 4563 1134 4635 ἡμερῶν
1182 4563 1626 4636 παρατηρήσεως
1661 4563 1690 4616 ὁ
1718 4561 1900 4630 λόγος.

303 4658 647 4732 Ἀμφότεροι
671 4657 874 4722 τοίνυν,
907 4656 1064 4727 φησὶ,
1107 4655 1192 4710 ἐν).
1219 4655 1459 4727 χρῶνται
1486 4653 1676 4726 σκοπῷ
1697 4671 1708 4686 ·
1767 4655 1904 4724 τιμῇ

293 4755 361 4824 τῇ
389 4751 534 4824 πρὸς
560 4750 658 4804 τὸν
686 4748 845 4803 Θεόν.
883 4749 954 4803 Ὅ
983 4765 1042 4802 τε
1067 4747 1178 4820 γὰρ
1204 4745 1774 4820 παραφυλαττόμενος
1803 4745 1906 4814 τὴν

296 4844 542 4916 ἡμέραν,
562 4841 733 4894 οίεται
764 4839 902 4894 Θεοῦ
930 4839 1096 4910 νόμον
1127 4839 1376 4910 πληροῦν
1399 4854 1413 4869 ·
1445 4838 1474 4892 ὃ
1504 4854 1564 4891 τε
1588 4835 1906 4907 ἁδιαφορῶν

299 4939 435 5007 περὶ
469 4934 652 5004 τοῦτο,
685 4935 868 4988 πᾶσαν
905 4932 983 4996 ὡς
1019 4932 1127 4986 ὑπὸ
1167 4929 1303 4985 Θεοῦ
1355 4931 1659 5002 γενομένην
1685 4930 1906 5001 ἡμέραν

298 5025 366 5082 δι’
415 5027 614 5099 ὁμοίας
673 5026 788 5097 ἔχει
840 5025 1026 5097 τιμῆς.
1097 5023 1260 5079 Ἀλλὰ
1316 5023 1424 5097 μὴν
1472 5024 1569 5077 καὶ
1621 5025 1650 5077 ό
1702 5021 1904 5075 ἐσθίων

304 5117 595 5183 ὡσαύτως.

373 5210 484 5262 Καὶ
507 5207 765 5280 περὶτῶν
792 5206 883 5262 διὰ
912 5205 1216 5277 κακουχίας
1247 5205 1344 5259 τοῦ
1380 5203 1656 5275 σώματος,
1692 5204 1904 5276 νεκρῶν

304 5301 416 5366 τοῖς
445 5301 666 5365 πάθεσι,
693 5300 788 5354 καὶ
811 5299 1030 5366 ζώντων
1069 5299 1128 5350 ὲν
1156 5296 1402 5369 Χριστῷ.

381 5412 400 5445 ι
440 5393 753 5464 Γέγραπται
781 5392 913 5464 γάρ,
941 5391 1026 5444 Ζῶ
1053 5389 1184 5459 ἐγὼ,
1214 5389 1362 5458 λέγει
1399 5388 1637 5460 Κύριος·
1665 5388 1748 5442 ὃτι
1778 5388 1902 5460 ἐμοὶ

309 5481 516 5555 κάμψει
550 5484 658 5538 πᾶν
688 5483 839 5552 γόνυ,
867 5483 960 5537 καὶ
989 5483 1142 5536 πᾶσα
1171 5480 1395 5551 γλῶσσα
1435 5479 1901 5552 ἐξομολογήσεται

311 5574 385 5646 τῷ
416 5575 554 5647 Θεῷ.
586 5594 605 5628 ι

379 5665 575 5736 Σαφῶς
597 5683 660 5734 γε
687 5665 793 5736 μὴν
817 5663 1133 5718 συνίσταται
1165 5663 1252 5718 διὰ
1280 5663 1379 5736 τῆς
1429 5664 1736 5735 μαρτυρίας
1764 5663 1897 5717 ταύ-

311 5772 407 5829 της
436 5759 531 5813 τοῦ
557 5756 690 5814 Υίοῦ
714 5757 774 5812 τὸ
805 5756 940 5828 πρὸς
985 5756 1077 5811 τὸν
1119 5756 1338 5828 Πατέρα
1389 5757 1589 5820 τελέως
1633 5755 1892 5828 ἰσότιμον.

2016 3383 2142 3440 buta
2174 3399 2188 3438 ι
2237 3382 2373 3438 Ideo
2399 3383 2539 3436 enim
2564 3389 2615 3435 et
2650 3382 2853 3436 tributa
2878 3379 3172 3450 prastatis.
3225 3375 3382 3432 Nunc
3417 3387 3602 3432 autem

2014 3475 2156 3530 idem
2187 3474 2494 3528 distinxit:
2536 3474 2622 3529 vel
2663 3474 2768 3528 hoc
2797 3472 2983 3528 dicere
3027 3471 3238 3536 volens,
3283 3470 3430 3540 quod
3485 3469 3605 3526 sive

2017 3567 2306 3631 tributum,
2338 3567 2457 3621 sive
2478 3565 2712 3630 vectigal
2747 3567 2874 3635 quis
2907 3579 3110 3620 vocare
3139 3563 3291 3629 velit,
3329 3563 3458 3619 illud
3493 3561 3605 3618 sol-

2011 3672 2144 3714 vere
2199 3658 2495 3724 debemus;
2552 3659 2638 3712 vel
2675 3659 2781 3713 hoc
2833 3658 2992 3723 dixit,
3033 3673 3131 3727 per
3170 3672 3338 3712 unum
3383 3657 3604 3727 quidem

2012 3750 2359 3821 publicarum
2403 3749 2761 3818 pecuniarum
2792 3747 3118 3803 solutionem
3153 3747 3472 3812 ostendens,
3507 3761 3604 3814 per

2011 3843 2244 3897 alterum
2274 3850 2457 3896 autem
2491 3840 2719 3910 privatis
2766 3838 3184 3910 possessoribus
3241 3837 3448 3892 debita.
3503 3836 3604 3892 Cui

2013 3937 2280 3999 timorem,
2317 3935 2580 3999 timorem,
2607 3933 2676 3990 iis
2707 3932 2797 4002 qui
2826 3934 2878 3987 in
2913 3931 3277 4000 potestatibus
3310 3938 3437 3986 sunt
3470 3943 3605 3984 con-

2011 4028 2227 4095 stituti;
2265 4028 2351 4082 cui
2379 4030 2630 4082 honorem
2657 4026 2932 4094 honorem,
2960 4035 3018 4082 ut
3038 4026 3232 4082 amicis
3267 4032 3322 4080 et
3352 4020 3602 4093 proximo

2015 4121 2068 4176 in
2107 4136 2328 4192 genere.

2634 4255 2790 4312 CAP.
2822 4254 2962 4312 XIV.

2078 4390 2243 4446 Vt-zns.
2272 4390 2327 4446 6.
2363 4407 2382 4443 ι
2421 4389 2522 4459 Qui
2556 4390 2702 4462 sapit
2730 4391 2901 4456 diem,
2937 4389 3165 4444 Domino
3209 4389 3376 4460 sapit,
3416 4396 3471 4444 et
3504 4387 3597 4457 qui

1939 4497 1985 4556 υ
2012 4500 2120 4539 non
2154 4484 2297 4555 sapit
2321 4484 2488 4551 diem,
2533 4484 2760 4540 Domino
2795 4499 2899 4547 non
2935 4485 3102 4553 sapit.
3146 4501 3166 4534 ι

2069 4575 2168 4633 Vel
2196 4577 2262 4632 de
2285 4576 2678 4632 observatione
2718 4577 2930 4632 dierum
2979 4585 3067 4630 est
3115 4588 3321 4629 sermo.
3354 4571 3600 4642 Uterque
3673 4569 3680 4577 ’

2010 4684 2163 4740 ergo,
2221 4667 2423 4738 inquit,
2459 4667 2711 4725 eumdem
2771 4668 2875 4725 sibi
2923 4667 3182 4737 proponit
3259 4668 3446 4731 linem,
3497 4665 3594 4718 Dei

2009 4761 2221 4817 scilicet
2285 4753 2573 4817 honorem.
2635 4759 2770 4816 Nam
2814 4776 2952 4816 unus
3021 4762 3163 4816 diem
3233 4757 3596 4822 observando,

2007 4864 2165 4925 putat
2203 4853 2300 4909 Dei
2349 4853 2526 4924 legem
2574 4853 2838 4924 implere;
2902 4853 3044 4909 alter
3100 4869 3208 4909 non
3255 4850 3599 4908 observando

2007 4958 2226 4999 omnem
2273 4943 2418 4999 diem
2465 4953 2654 5014 utpote
2688 4962 2718 4999 a
2748 4946 2859 5000 Deo
2917 4955 3159 5001 creatam
3209 4942 3404 5014 aequali
3455 4949 3600 4998 tenet

2009 5038 2235 5094 honore.
2266 5035 2481 5092 Pariter
2505 5045 2561 5092 et
2595 5037 2688 5106 qui
2719 5040 3032 5092 manducat.

2070 5198 2141 5255 Et
2175 5197 2242 5254 de
2273 5197 2357 5254 his
2401 5212 2522 5269 quae
2568 5211 2631 5252 ex
2671 5195 3084 5254 inﬁrmitatibus
3120 5200 3364 5268 corporis
3393 5213 3593 5269 procc-
3658 5208 3662 5210 ’

2006 5293 2164 5356 dunt,
2198 5289 2544 5358 passionibus
2586 5291 2900 5345 moriuntur
2930 5301 2983 5345 et
3015 5291 3240 5347 Christo
3264 5294 3470 5348 vivunt.

2063 5382 2225 5450 Vens,
2259 5380 2346 5435 ll.
2397 5398 2416 5432 ι
2459 5379 2734 5450 Scriptum
2782 5393 2866 5436 est
2907 5383 3050 5436 enim
3080 5402 3094 5439 :
3127 5383 3264 5438 Vivo
3303 5400 3422 5454 ego,
3461 5387 3595 5443 dicit

2009 5477 2294 5539 Dominus,
2324 5474 2585 5544 quoniam
2640 5473 2771 5527 mihi
2817 5471 3066 5530 ﬂectetur
3103 5492 3266 5532 omne
3319 5492 3480 5547 genu,
3537 5491 3594 5535 ct

2008 5570 2187 5625 omnis
2214 5567 2396 5639 lingua
2422 5565 2772 5623 conlitebitur
2793 5565 2922 5622 Dco.
2959 5587 2979 5621 ι

2080 5663 2242 5719 Clare
2293 5663 2560 5717 astruilttr
2594 5675 2691 5729 per
2741 5659 2844 5717 hoc
2899 5663 3266 5735 testimonium
3310 5664 3430 5721 Filii
3465 5681 3588 5721 cum

2006 5755 2168 5812 Patre
2224 5754 2480 5826 perlecta
2518 5752 2817 5824 aequalitas.
2858 5753 2993 5811 Nam
3046 5755 3211 5816 lsaias
3241 5773 3307 5815 cx
3358 5743 3590 5831 person:
