4086 6416
557 339 692 407 1727

1165 447 1319 504 CAP.
1361 446 1494 503 XVI.

623 543 786 600 Vens.
821 545 908 609 17,
940 542 1026 600 l8.
1069 558 1087 592 ι
1121 539 1188 594 Ει
1221 539 1488 596 declinate
1523 539 1591 594 ab
1641 537 1767 594 illis.
1807 537 2126 608 llujusmodi

548 637 694 693 enim
725 634 942 690 Christo
970 633 1194 688 Domino
1225 641 1412 687 nostro
1439 646 1547 685 non
1595 629 1863 693 serviunt,
1895 630 1990 683 sed
2029 642 2126 683 suo

546 727 766 781 ventri:
811 733 866 781 et
897 739 994 794 per
1036 723 1222 779 dulces
1260 736 1558 786 sermones,
1598 730 1655 776 et
1694 720 2102 776 benedictiones

547 820 810 874 seducunt
837 817 1001 874 corda
1031 816 1419 870 innocentium.
1450 832 1472 866 ι

617 905 878 961 Hortatur
914 906 1076 976 igitur
1123 905 1245 959 illos
1284 913 1342 958 ut
1385 904 1558 960 sancti
1583 901 1727 958 Petri
1759 912 1980 958 servent
2012 910 2125 957 tra-

545 1001 798 1066 ditiones,
843 1008 900 1055 et
931 999 1062 1054 falsa
1103 998 1411 1054 Iudaeorum
1459 995 1705 1068 prodigia
1756 995 1946 1058 vitent,
1991 1007 2128 1064 quos

543 1092 682 1146 bene
713 1092 842 1147 dicit
871 1107 978 1146 non
1011 1091 1224 1146 Christo
1252 1090 1478 1155 servire,
1506 1089 1599 1145 sed
1634 1102 1732 1144 suo
1768 1087 1964 1152 ventri,
2008 1101 2126 1141 om-

545 1193 667 1233 nem
701 1179 957 1249 pietatem
1006 1177 1060 1232 in
1103 1176 1483 1233 observatione
1541 1176 1787 1231 ciborum
1839 1182 2126 1243 ponentes.

544 1266 691 1323 Beati
722 1270 883 1339 igitur
905 1269 1040 1324 estis
1073 1283 1193 1334 vos,
1231 1268 1424 1337 inquit,
1458 1267 1570 1339 qui,
1612 1265 1748 1323 clari
1787 1265 1862 1320 ob
1885 1274 2124 1320 vestram

545 1361 688 1415 circa
724 1361 879 1415 ﬁdem
906 1359 1252 1430 sapientiam,
1285 1374 1384 1414 nec
1409 1374 1506 1416 vos
1537 1360 1680 1415 bona
1711 1358 1851 1412 fama
1879 1356 2124 1427 spoliari,

543 1465 645 1506 nec
697 1465 876 1507 meum
929 1451 999 1508 de
1069 1459 1255 1508 vestra
1304 1450 1478 1522 gloria
1546 1450 1802 1521 gaudium
1862 1446 2126 1504 infuscari

545 1542 814 1612 patimini.

1645 329 2028 392 GENNADII
2057 328 2564 390 PATRIARCH/E
2622 328 2732 389 ΟΡ.

2157 461 2205 518 Δ

3673 322 3820 387 1728

2792 442 3048 498 ΚΕΦΔΔ.
3129 439 3246 510 ις’.

2311 555 2330 588 ι
2366 536 2477 590 Καὶ
2534 535 2820 589 ὲκκλίνατε
2865 534 2963 588 ἀπ’
2989 533 3190 590 αὐτῶν.
3219 533 3282 588 Ol
3329 530 3439 601 γὰρ
3476 532 3700 592 τοιοῦτοι
3732 533 3814 603 τῷ

2230 626 2423 697 Κυρίῳ
2468 623 2644 696 Ἰησοῦ
2674 624 2894 696 Χριστῷ
2919 626 2980 679 οὑ
3015 622 3380 689 δουλεύουσιν,
3415 619 3549 677 ἀι.λὰ
3579 627 3646 695 τῇ
3677 625 3811 678 ἑαυ-

2227 719 2338 771 τῶν
2390 717 2612 787 κοιλίᾳ,
2643 717 2733 771 διὰ
2787 718 2886 788 τῆς
2937 715 3334 789 χρηστολογίας
3388 716 3484 771 καὶ
3555 715 3812 786 εὐλογίας

2227 807 2543 875 ἐξαπατῶσι
2567 807 2668 873 τὰς
2698 808 2926 880 καρδίας
2955 808 3066 863 τῶν
3095 808 3340 862 ἀκάκων.
3380 822 3401 860 ι

2301 903 2570 972 Παραινεῖ
2589 901 2779 956 τοίνυν
2807 901 3008 964 αὐτοὺς
3039 900 3142 965 τὰς
3169 898 3264 954 τοῦ
3299 899 3515 970 Πέτρου
3545 899 3810 971 κατέχειν

2229 992 2587 1064 παραδόσεις,
2613 992 3056 1064 φυλαττομένους
3099 991 3200 1064 τὴν
3244 991 3544 1062 Ἰουδαῖκὴν
3587 1009 3814 1063 τερατο-

2227 1083 2418 1153 λογίαν
2438 1123 2453 1150 ,
2485 1081 2583 1147 οὓς
2621 1083 2804 1148 καλῶς
2833 1083 2958 1154 οὐχὶ
2989 1081 3068 1154 τῷ
3095 1081 3319 1155 Χριστῷ
3349 1081 3644 1151 δουλεύειν,
3670 1083 3818 1137 ἀλλὰ

2225 1178 2294 1246 τῇ
2323 1175 2554 1242 ἑαυτῶν,
2587 1174 2714 1248 ἔφη,
2737 1174 2941 1246 κοιλίᾳ,
2966 1173 3055 1229 διὰ
3081 1174 3143 1228 τὸ
3178 1174 3474 1246 μονονουχῖΙ
3514 1174 3614 1244 τὴν
3652 1173 3815 1227 εὐσέ-

2228 1267 2383 1322 ϐειαν
2431 1268 2628 1332 αὐτοὺς
2678 1267 2737 1320 ἐν
2791 1268 2858 1339 τῇ
2903 1266 3292 1338 παρατηρήσει
3342 1267 3450 1321 τῶν
3499 1266 3817 1337 βρωμάτων

2224 1359 2529 1431 ὁρίζεσθαι.
2553 1359 2765 1415 Οὔκουν
2786 1359 2969 1424 καλῶς
3004 1358 3116 1428 ἔχει
3152 1360 3280 1429 ὑμῖν
3305 1398 3321 1423 ,
3355 1357 3523 1428 φησὶν
3543 1397 3558 1421 ,
3587 1357 3815 1428 διαϐοη-

2225 1451 2396 1505 θεῐσιν
2452 1451 2546 1506 ἐπὶ
2579 1455 2645 1525 τῇ
2680 1452 2809 1523 περὶ
2843 1451 2941 1523 τὴν
2995 1451 3182 1505 πίστιν
3231 1450 3647 1522 εὐγνωμοσύνῃ,
3681 1449 3811 1504 οὔτε

2223 1543 2426 1606 αὑτοὺς
2471 1543 2574 1613 τῆς
2618 1543 2870 1606 εὐκλείας
2914 1541 3292 1613 ἀποστερῆσαι
3349 1542 3812 1614 παρακρουσθέν-

2221 1651 2350 1699 τας,
2376 1634 2500 1687 οῦτε
2526 1634 2630 1706 τὴν
2658 1635 2936 1706 ἡμετέραν
2961 1635 3104 1706 ὑπὲρ
3136 1636 3236 1705 τῆς
3280 1633 3558 1705 ὑμετέρας
3593 1633 3816 1687 εὑδοκι-

2227 1728 2449 1797 μήσεως
2479 1727 2751 1797 ἀμϐλῦναι
2775 1728 2974 1800 χαράν.

613 1825 778 1880 Vsus.
813 1823 897 1879 19.
936 1842 955 1875 ι
992 1823 1100 1880 Sed
1132 1823 1253 1878 volo
1290 1838 1386 1880 vos
1420 1821 1690 1893 sapientes
1725 1833 1848 1875 esse
1889 1819 1943 1874 in
1973 1817 2114 1873 bona

2297 1837 2316 1870 ι
2369 1817 2521 1870 Θέλω
2551 1817 2609 1870 δὲ
2649 1818 2796 1888 ὑμᾶς
2837 1820 3037 1887 σοφοὺς
3065 1819 3168 1890 μὲν
3213 1819 3355 1875 εἶναι
3391 1825 3471 1887 είς
3490 1823 3552 1876 τδ
3574 1821 3811 1893 ἀγαθδν,

541 1924 596 1970 et
624 1916 898 1982 simplices
924 1914 978 1968 in
1013 1914 1171 1967 malo.
1205 1932 1224 1965 ι

617 2005 750 2060 Volo
790 2005 951 2074 igitur
980 2019 1097 2071 vos,
1129 2003 1320 2074 inquit,
1351 2016 1470 2070 quae
1511 2001 1652 2055 bono
1682 2007 1809 2054 sunt
1843 1998 2117 2054 contraria

543 2106 892 2161 cognoscere,
930 2101 984 2145 et
1033 2106 1153 2146 esse
1210 2093 1261 2144 in
1318 2091 1459 2144 bono
1513 2089 1762 2146 faciendo
1823 2089 2120 2160 sapientes,

543 2180 814 2249 simplices
847 2195 979 2236 vero
1007 2190 1062 2235 et
1093 2181 1211 2236 sine
1239 2179 1442 2235 malitia
1472 2181 1778 2236 nescientes
1804 2179 2028 2237 malum.

2228 1910 2524 1980 ἀκεραίους
2547 1909 2604 1962 δὲ
2631 1912 2711 1973 είς
2749 1909 2811 1962 τὺ
2836 1911 3032 1964 κακόν.
3077 1929 3099 1964 ι

2296 1999 2566 2070 Βούλομαι
2604 1998 2723 2066 οὖν,
2749 2003 2935 2071 φησὶν,
2971 2001 3265 2071 γινώσκειν
3297 2004 3395 2074 μὲν
3424 2006 3568 2074 ὑμᾶς
3603 2005 3674 2058 τά
3695 2010 3817 2068 τοῖς

2225 2091 2411 2153 καλοῖς
2436 2091 2675 2157 ἐναντία,
2706 2093 2801 2146 καὶ
2825 2088 2966 2145 εἶναι
2993 2093 3131 2163 πρὸς
3155 2095 3238 2158 τὸ,
3266 2095 3332 2147 τὸ
3352 2095 3559 2162 ἀγαθὸν
3579 2097 3816 2165 ποιῆσαι

2227 2185 2448 2252 σοφοὺς,
2477 2184 2700 2253 ἀφελεῖς
2735 2184 2791 2236 δὲ
2821 2185 2916 2237 καὶ
2959 2185 3340 2258 ἀπανούργους
3373 2188 3681 2259 ὑπάρχειν,
3708 2187 3818 2241 καὶ

2226 2275 2423 2338 κακίας
2453 2274 2642 2339 ἁπλῶς
2672 2275 2929 2346 ἀμαθεῖς.

900 2626 1030 2715 ΙΝ
1102 2617 1784 2715 EPISTOLAM
1865 2615 2326 2706 PRIMAM
2398 2613 2550 2704 AD
2639 2613 3436 2712 CORINTHIOS.

1901 2806 2142 2870 (Causa,
2175 2808 2293 2855 tom.
2328 2804 2439 2866 Vl.)

1196 3103 1352 3163 CAP.
1390 3103 1459 3161 Χ.

2840 3105 2884 3157 Κ
2896 3105 3092 3160 ΕΦΑΛ.
3134 3107 3192 3162 l".

610 3202 776 3259 Vsus.
814 3201 866 3257 5.
906 3218 925 3254 ι
955 3197 1062 3256 Sed
1091 3213 1195 3254 non
1230 3198 1284 3252 in
1319 3197 1564 3268 pluribus
1589 3209 1774 3252 eorum
1809 3195 2114 3270 beneplacii

2297 3214 2317 3246 ι
2366 3195 2526 3249 Ἀλλά
2555 3195 2656 3248 οὐκ
2689 3196 2745 3248 ὲν
2776 3200 2887 3258 τοῖς
2935 3195 3178 3249 πλείοσιν
3219 3197 3400 3254 αὑτῶν
3442 3200 3740 3274 εὐδόκησεν
3769 3205 3822 3261 ὖ

539 3306 652 3353 tum
681 3305 762 3350 est
794 3295 923 3349 Deo.
963 3311 982 3344 ι

611 3386 723 3441 lloc
754 3385 894 3448 loco,
942 3379 1456 3439 commemoratione
1489 3376 1754 3445 majorum
1784 3378 1952 3443 facta,
1997 3393 2118 3446 quae

541 3479 719 3533 facere
757 3475 947 3530 deceat
994 3487 1088 3529 eos
1134 3472 1332 3527 docere
1365 3479 1618 3538 conatur,
1663 3471 1954 3526 ostendens
1996 3471 2118 3524 illos

539 3583 774 3638 quoque,
811 3566 972 3621 veluti
998 3580 1093 3636 per
1117 3564 1343 3633 ﬁguram
1367 3565 1677 3633 quamdam,
1711 3563 1898 3618 iisdem
1925 3565 2117 3634 dignos

539 3661 752 3717 habitos
779 3659 966 3714 fuisse.
1002 3658 1136 3713 Cum
1162 3657 1306 3710 enim
1331 3656 1411 3711 sic
1449 3655 1752 3726 exemplum
1783 3658 2116 3728 propositum

539 3753 739 3822 optime
770 3752 1086 3821 quadraret,
1113 3748 1236 3817 jure
1261 3747 1564 3816 meritoque
1595 3760 1692 3802 eos
1726 3747 1874 3804 visus
1900 3757 1986 3802 est
2017 3750 2115 3804 ad-

539 3843 771 3909 hortari,
819 3851 878 3896 ut
911 3842 977 3896 ab
1026 3841 1215 3896 iisdem
1264 3839 1506 3909 peccatis
1561 3839 1664 3894 sibi
1720 3851 1995 3907 caverent,
2048 3857 2116 3897 ne

536 3937 724 3990 eadem
754 3942 1089 4002 paterentur.
1114 3930 1264 3997 Quod
1288 3932 1452 4000 igitur
1480 3929 1553 3985 illi
1578 3931 1679 3986 sub
1705 3931 1848 3986 nube
1874 3931 2112 4000 fuerunt,

537 4025 766 4095 gratiam
823 4022 1059 4094 Spiritus
1106 4021 1526 4090 prteﬁgurabat:
1582 4020 1705 4077 illos
1739 4024 1884 4076 enim
1942 4023 2116 4078 nubes

537 4115 868 4170 obumbrans
908 4114 977 4168 ab
1021 4111 1410 4183 Egyptiorum
1463 4112 1665 4182 impetu
1705 4111 1967 4175 defendit,
2016 4128 2115 4168 nos

536 4217 717 4262 autem
773 4208 944 4275 gratis
998 4215 1185 4260 contra
1236 4205 1538 4259 damonum
1590 4203 1853 4258 malitiam
1912 4213 2111 4260 tuetur.

537 4296 690 4364 Quod
720 4305 896 4350 autem
932 4297 1013 4350 bis
1049 4295 1122 4349 illi
1159 4309 1306 4348 mare
1339 4293 1694 4355 transierunt,
1728 4291 1830 4345 hoc
1857 4293 2017 4347 modo
2045 4295 2112 4348 ad

535 4402 634 4441 nos
666 4387 936 4455 pertinet:
989 4386 1097 4440 illis
1135 4385 1329 4454 duplex
1366 4384 1533 4437 maris
1565 4382 1832 4436 transitus
1892 4385 1960 4436 ad
2011 4382 2114 4437 hoc

534 4477 751 4546 profuit,
781 4489 840 4530 ut
872 4490 1097 4545 prorsus
1133 4474 1368 4528 hostium
1400 4469 1713 4537 conspectui
1745 4468 2112 4524 subduceren-

535 4578 645 4632 tur,
678 4577 734 4623 et
779 4580 1040 4638 praaterea
1075 4566 1287 4620 ﬁrmam
1339 4563 1643 4617 libertatem
1705 4572 2108 4630 recuperarent,

531 4669 588 4713 et
609 4659 766 4713 nobis
794 4659 931 4712 idem
962 4657 1266 4713 subsidium
1297 4663 1490 4708 contra
1525 4653 1707 4706 hostes
1738 4661 1952 4707 nostros
1982 4669 2107 4723 sup-

530 4750 740 4820 peditat
774 4751 1063 4817 baptisma.
1116 4747 1249 4800 Illud
1276 4752 1460 4798 autem
1481 4782 1498 4809 ,
1545 4741 1612 4796 In
1640 4741 1822 4812 Moyse
1854 4743 2113 4813 baptizari

527 4849 675 4903 sunt,
703 4845 756 4893 in
781 4841 914 4893 nube
931 4850 978 4894 et
1009 4840 1066 4891 in
1093 4837 1227 4891 mari
1248 4835 1316 4898 ",
1350 4834 1453 4887 hoc
1486 4832 1750 4905 signiﬁcat
1779 4851 1794 4887 :
1831 4833 1982 4889 Sicut
2012 4835 2110 4900 illi,

529 4933 747 5003 quando
769 4933 836 4986 iis
857 4933 957 4987 hoc
978 4929 1226 4995 contigit,
1249 4926 1497 4982 Mosaicis
1522 4927 1729 4998 legibus
1755 4926 1918 4980 vitam
1945 4941 2101 4980 suam

529 5026 877 5089 devoverunt,
915 5025 987 5076 ita
1023 5035 1121 5075 nos
1151 5019 1314 5072 etiam
1355 5018 1408 5072 in
1447 5019 1788 5089 baptismate,
1827 5017 1914 5072 ubi
1942 5018 2104 5086 spiri-

528 5123 640 5169 tum
676 5113 983 5184 adoptionis
1015 5111 1244 5164 ﬁliorum
1283 5110 1600 5181 accipimus,
1658 5124 1758 5165 nos
1803 5107 2097 5164 secundum

525 5205 723 5261 Christi
776 5209 1047 5272 praecepta
1084 5199 1248 5254 vitam
1294 5217 1415 5258 esse
1457 5201 1799 5256 institutum:
1862 5197 2098 5266 sponde-

527 5311 644 5350 111115
675 5311 736 5349 ac
771 5306 1046 5347 VOVCIIIUS.

1157 5495 1309 5553 CAP.
1341 5497 1454 5553 XII.

594 5581 757 5636 Vens.
785 5582 872 5637 28.
910 5603 926 5636 ι
963 5584 1158 5642 Dciudc
1194 5600 1506 5658 potestates.
1543 5607 1560 5641 ι

600 5726 676 5789 ³⁹1
699 5739 824 5795 Cur.
859 5757 906 5808 ι,
938 5743 992 5798 2.

2215 3288 2370 3352 Θεός.
2415 3306 2433 3339 ι

2298 3378 2388 3432 Ἐν
2413 3377 2624 3443 τούτοις
2653 3377 2764 3434 ἀπὺ
2785 3379 2886 3444 τῆς
2917 3380 3024 3433 τῶν
3045 3383 3156 3434 παλ
3167 3381 3298 3435 αιῶν
3322 3385 3520 3448 αὐτοὺς
3553 3388 3808 3458 παραθέὀ

2217 3487 2355 3534 σεως
2411 3471 2700 3525 παιδεῦσαι
2755 3472 3008 3543 βούλεται
3051 3471 3121 3526 τὰ
3167 3475 3535 3544 προσήκοντα,
3567 3476 3792 3540 δεικνὺς

2217 3563 2506 3628 κάκείνους
2535 3563 2790 3634 καθάπερ
2823 3565 2889 3618 άν
2910 3581 3016 3616 τινι
3045 3563 3201 3635 τύπῳ
3233 3565 3342 3619 τῶν
3368 3568 3502 3620 ίσων
3530 3566 3812 3632 ἀξιωθέν-

2214 3672 2333 3718 τας.
2371 3655 2530 3710 Οὓτω
2573 3655 2683 3727 γὰρ
2724 3655 3066 3727 καταλλὴλου
3110 3658 3441 3727 φαινομένου
3477 3660 3571 3713 τοῦ
3618 3677 3804 3734 παρα-

2215 3746 2534 3816 δείγματος,
2578 3746 2864 3818 εὑρίσκετο
2895 3745 3122 3811 δικαίως
3161 3748 3348 3806 αὺτοῖς
3394 3750 3678 3819 παραινῶν
3719 3751 3800 3823 μὴ

2214 3838 2284 3891 τὰ
2317 3839 2481 3911 ὃμοια
2517 3839 2891 3910 πλημμελεῖν,
2919 3838 3010 3893 ίνα
3038 3838 3113 3910 μὴ
3155 3839 3225 3894 τὰ
3248 3841 3415 3910 ὃμοια
3445 3841 3745 3897 πείσωνται
3781 3860 3796 3874 ·

2213 3930 2276 3983 τὸ
2309 3931 2408 4000 μὲν
2434 3930 2530 3984 οὖν
2576 3931 2682 3983 ὑπὸ
2713 3929 2818 4001 τὴν
2857 3929 3090 4000 νεφέλην
3119 3931 3320 3994 αὐτοὺς
3349 3927 3493 3986 εἶναι
3514 3969 3529 3996 ,
3557 3933 3798 4001 δήλωσις

2214 4017 2282 4093 ἦν
2313 4021 2413 4091 τῆς
2457 4020 2551 4074 τοῦ
2588 4020 2909 4091 Πνεῦματος
2948 4021 3171 4092 χάριτος
3199 4037 3212 4050 ·
3251 4023 3499 4087 ἐκείνους
3527 4041 3588 4077 τε
3619 4025 3728 4096 γὰρ
3762 4030 3798 4096 ἡ

2215 4110 2412 4181 νεφέλη
2465 4109 2794 4176 σκιάζουσα,
2821 4111 2920 4178 τῆς
2967 4111 3032 4165 ἐκ
3069 4110 3180 4165 τῶν
3219 4114 3540 4182 Αἰγυπτίων
3584 4115 3798 4187 βλάϐης

2212 4205 2552 4276 ἀπήλλαττεν
2588 4220 2604 4236 ·
2661 4204 2756 4257 καὶ
2807 4205 2956 4273 ἡμᾶς
3015 4205 3047 4273 ἡ
3105 4204 3266 4274 χάρις
3321 4206 3422 4276 τῆς
3469 4206 3801 4279 δαιμονικῆς

2212 4296 2515 4368 ἐξαιρεῖται
2567 4295 2790 4359 κακίας.
2825 4295 2898 4348 Τὸ
2941 4295 2999 4348 δὲ
3019 4296 3101 4359 δὶς
3138 4299 3239 4366 τῆς
3287 4296 3568 4369 Θαλάσσης
3591 4300 3799 4365 αὐτοὺς

2211 4389 2439 4442 διελθεῖν
2471 4386 2648 4440 ἔοικεν
2683 4386 2826 4440 κατὰ
2854 4386 3014 4440 τοῦτο
3041 4390 3154 4451 τοῖς
3179 4389 3502 4459 ἡμετέροις,
3537 4391 3620 4443 ὅτι
3651 4391 3796 4464 ὅπερ

2214 4480 2446 4541 ἐκείνοις
2479 4481 2512 4549 ἡ
2541 4479 2622 4542 δὶς
2647 4481 2746 4547 τῆς
2775 4477 3053 4548 θαλάσσης
3082 4482 3357 4550 παρέσχεν
3379 4480 3647 4547 διάϐασις,
3679 4483 3795 4535 τῶν

2217 4571 2318 4642 μὲν
2365 4569 2645 4640 πολεμίων
2695 4569 2893 4633 αὑτοὺς
2945 4571 3224 4634 παντελῶς
3271 4571 3672 4640 ἀπαλλάξασα,
3704 4575 3795 4642 βε-

2209 4662 2372 4716 ϐαίαν
2404 4660 2462 4714 δὲ
2487 4661 2686 4724 αὐτοὺς
2713 4660 2809 4714 τοῦ
2841 4659 3030 4714 λοιποῦ
3061 4661 3160 4732 τὴν
3191 4663 3508 4734 ἐλευθερίαν
3531 4665 3793 4736 δωρησα-

2214 4754 2351 4825 μένη
2383 4769 2396 4783 ·
2435 4752 2598 4806 τοῦτο
2649 4754 2784 4823 ἡμῖν
2845 4753 2984 4825 πρὸς
3034 4756 3162 4817 τοὺς
3209 4755 3517 4828 ἡμετέρους
3560 4757 3792 4828 ἐχθροὺς

2211 4845 2273 4899 τὸ
2307 4845 2590 4914 βάπτισμα
2633 4845 2879 4912 γέγονεν.
2925 4845 2998 4897 Τὸ
3027 4845 3084 4899 δὲ
3121 4848 3210 4912 εἰς
3253 4847 3363 4900 τὸν
3389 4846 3618 4916 Μωσῆν
3653 4849 3789 4904 ἐϐα-

2206 4940 2501 4992 πτίσαντο
2523 4938 2590 4990 ἐν
2613 4937 2688 5006 τῇ
2707 4937 2934 5006 νεφέλη
2959 4939 3060 4991 καί
3079 4939 3151 4992 ἐν
3171 4939 3241 5007 τῇ
3266 4939 3570 5010 θαλάσσῃ,
3591 4944 3792 5014 σημαί-

2205 5045 2283 5083 νει
2313 5029 2496 5093 τοῦτο,
2521 5030 2604 5084 ὃτι
2650 5029 2908 5100 καθάπερ
2967 5031 3166 5084 ἐκείνοι
3231 5030 3440 5085 τούτων
3503 5034 3782 5102 τυχόντες,

2203 5121 2505 5191 ὑπέσχοντο
2540 5123 2655 5185 τοῖς
2702 5122 3024 5184 Μωσαῖκοῖς
3069 5121 3256 5192 νόμοις
3288 5123 3402 5192 βίον
3440 5125 3481 5188 ί,
3503 5123 3648 5176 οὕτω
3687 5123 3790 5177 καὶ,

2203 5212 2365 5281 ἡμεῖς
2395 5213 2452 5264 ἐν
2486 5211 2563 5282 τῷ
2594 5211 2978 5282 βαπτίσματι,
3006 5212 3068 5267 τὸ
3097 5214 3196 5284 τῆς
3231 5214 3507 5279 υίοοεσίας
3560 5215 3784 5286 κομιζό-

2208 5319 2361 5372 μενοι
2417 5302 2677 5370 Πνεῦμα,
2711 5304 2989 5374 συνθήκας
3036 5303 3131 5356 καὶ
3179 5304 3473 5372 ὁμολογίας
3517 5305 3790 5378 τιθέμεθα

2204 5394 2297 5445 τοῦ
2329 5395 2470 5448 κατὰ
2495 5393 2591 5456 τὰς
2625 5393 2871 5465 Χριστοῦ
2895 5394 3079 5447 λοιπὸν
3111 5393 3209 5464 ζῇν
3240 5395 3482 5462 ἐντολάς.

2803 5509 2847 5560 Κ
2859 5509 3028 5562 ΕΦΛΛ
3039 5550 3050 5562 .
3095 5508 3192 5562 IB'.

2281 5611 2298 5646 ι
2336 5590 2466 5647 Εἶτα
2491 5594 2773 5666 δυνάμεις.
2812 5615 2828 5647 ι

2295 5748 2311 5778 ¹
2343 5751 2423 5803 Alt
2461 5749 2655 5820 βιοῦνῖ
