4086 6434
255 339 403 406 I729

1251 338 1719 399 FRAGMENTA
1761 339 1842 399 IN
1870 338 2123 425 'EPIST.
2166 339 2264 399 AD
2297 339 2563 403 GALAT.

3406 345 3541 411 l730

324 455 411 509 ἰὰ
459 453 810 526 ἐνεργήματα
857 449 1102 520 δηλονότι
1155 448 1266 503 τῶν
1300 447 1606 518 δυνάμεων.
1645 447 1708 500 A1
1751 448 1850 518 μὲν

2021 445 2259 502 Eﬁectus
2309 447 2555 504 videlicet
2585 457 2934 518 potestatum.
2974 449 3276 508 Potestates
3324 456 3543 524 quidem

244 545 542 614 δυναμεις,
567 545 664 598 καὶ
697 544 858 598 ίῶντο
881 542 1007 604 τοὺς
1031 539 1302 603 ἀσθενεῖς,
1326 540 1420 592 καὶ
1441 536 1699 602 ἐκόλαζον
1725 538 1851 600 τοὺς

247 636 670 703 ἀντιλέγοντας,
701 633 777 696 ὡς
808 631 1024 694 Παῦλος
1054 629 1144 684 τὸν
1190 629 1452 698 Ἐλύμαν,
1478 626 1572 679 καὶ
1593 629 1621 680 ὁ
1642 626 1853 698 Πέτρος

245 727 353 782 τὸν
415 726 690 780 Ἀνανίαν.
739 726 801 777 Οἱ
849 725 907 777 δὲ
958 723 1026 777 τὰ
1068 721 1389 793 χαρίσματα
1422 719 1532 772 τῶν
1603 719 1852 790 ίαμάτων

245 818 498 889 ἔχονμς,
556 817 720 888 μόνον
777 816 954 870 ἰῶντο.
1002 815 1102 868 Διὰ
1159 812 1322 866 τοῦτο
1357 813 1451 865 καὶ
1478 811 1724 882 προτιμᾷ
1752 809 1853 872 τὰς

244 909 422 975 δυνά».
440 926 540 972 εις.
578 907 682 980 [Ex
708 907 918 962 Catena
957 902 1288 960 OEcumenii
1324 911 1458 956 tom.
1493 902 1552 964 2,
1598 916 1654 971 p.
1699 894 1848 969 346].

336 1021 354 1054 ι
393 999 631 1071 Ζηλοῦτε
657 999 715 1052 δὲ
748 999 817 1052 τὰ
847 997 1168 1068 χαρίσματα
1187 994 1254 1048 τὰ
1274 993 1579 1061 κρείττονα.
1610 1010 1631 1044 ι

329 1176 501 1231 Tento
531 1193 680 1240 τινες
708 1173 836 1229 ἥατ’
889 1173 1160 1245 ἐρώτησιν
1197 1170 1532 1240 ἀνέγνωσαν,
1580 1168 1701 1222 ἀντὶ
1731 1168 1850 1235 τοῦ,

249 1269 441 1331 Ὄλως
475 1268 588 1340 γὰρ
623 1265 843 1336 ἐφίεσθε
879 1265 992 1318 τῶν
1041 1265 1306 1336 μειζόνων
1341 1265 1747 1336 χαρισμάτων;
1787 1265 1849 1318 Εί

245 1362 398 1426 ὅλως
429 1361 678 1431 ἐφίεσθε,
720 1359 832 1429 ἐγὼ
864 1359 1008 1429 ὑμᾶς
1031 1358 1127 1412 ἐπὶ
1173 1358 1349 1412 ταῦτα
1380 1359 1680 1428 ποδηγήσω
1713 1376 1852 1430 προ-

248 1454 472 1524 θύμως.
499 1453 540 1505 Τ
544 1453 669 1506 οὗτο
695 1454 804 1522 γὰρ
826 1453 1104 1522 ἐπήγαγε,
1125 1469 1144 1502 ι
1169 1452 1280 1505 Καὶ
1296 1450 1378 1504 ἔτι
1400 1451 1524 1504 καθ’
1543 1452 1852 1522 ὑπερϐολὴν

247 1548 379 1600 ὁδὸν
412 1547 542 1617 ὑμῖν
576 1546 851 1617 δείκνυμι,
888 1565 906 1596 ι
932 1545 1204 1609 τουτέστι,
1240 1543 1350 1596 τῶν
1379 1545 1506 1598 καθ’
1542 1543 1852 1616 ὑπερϐολὴν
1887 1578 1890 1580 -

253 1639 528 1708 μειζόνων
562 1638 926 1706 χαρισμάτων
957 1636 1210 1706 δείκνυμι
1237 1635 1338 1707 τὴν
1384 1635 1526 1690 ὀδόν.
1587 1633 1695 1707 [Ex
1749 1633 1853 1690 Ca-

245 1737 388 1784 tena
413 1725 788 1798 0Ecumenii.]

845 1837 1104 1892 ΚΕΦΑΛ.
1146 1835 1250 1891 II".

335 1970 357 2003 ‹
399 1952 506 2005 Καὶ
537 1951 632 2006 ἐὰν
657 1951 768 2022 ἔχω
801 1950 1164 2022 προφητείαν,
1193 1950 1288 2004 καὶ
1316 1949 1444 2004 εἰδῶ
1462 1949 1532 2004 τὰ
1565 1951 1842 2022 μυστήρια

251 2046 440 2098 πάντα
497 2044 592 2098 καὶ
650 2045 832 2097 πᾶσαν
879 2042 979 2112 τὴν
1019 2042 1244 2110 γνῶσιν,
1275 2041 1373 2096 καὶ
1397 2043 1493 2095 ἐὰν
1523 2041 1634 2114 ἔχω
1661 2045 1846 2097 πᾶσαν

250 2133 359 2204 τὴν
409 2132 614 2200 πίστιν,
640 2134 783 2188 ὥστε
825 2132 927 2203 ὅρη
975 2132 1346 2204 μεθιστάνειν,
1391 2133 1616 2204 ἀγάπην
1658 2132 1717 2186 δέ
1768 2133 1846 2205 μὴ

250 2227 392 2296 ἓχω,
420 2225 575 2279 οὐδέν
606 2227 746 2296 είμι.
775 2243 794 2278 ο

330 2316 448 2370 Νῦν
491 2316 676 2370 πίστιν
705 2317 768 2370 οὐ
821 2315 922 2388 τὴν
950 2315 1060 2371 τῶν
1108 2317 1318 2370 πιστῶν
1352 2315 1478 2386 ἔφη,
1515 2318 1616 2388 τὴν
1657 2317 1848 2388 κοινὴν

253 2411 353 2461 καὶ
390 2407 686 2479 καθολικὴν
717 2424 732 2439 ⁶
767 2407 906 2462 ἀλλὰ
933 2409 994 2462 τό
1024 2407 1276 2480 χάρισμα
1309 2408 1370 2461 τὺ
1413 2408 1512 2478 τῆς
1560 2407 1798 2470 πίστεως
1830 2423 1846 2440 ·

253 2495 329 2568 ἦν
381 2499 490 2569 γάρ
535 2515 588 2550 τι
636 2499 982 2570 χαρίσματος
1027 2495 1187 2564 εἶδος,
1233 2498 1548 2570 ὁμωνύμως
1592 2496 1738 2552 οὕτω
1780 2499 1849 2570 τῇ

257 2589 446 2644 πίστει
479 2590 778 2662 λεγόμενον
806 2607 822 2622 ·
852 2591 976 2644 ὅθεν
999 2591 1096 2645 ἐπὶ
1128 2590 1439 2662 φανερώσει
1466 2590 1852 2660 πνευματικῆς

259 2685 556 2755 μετουσίας
594 2685 919 2754 ἐχορηγεῖτο
960 2682 1180 2745 πολλοῖς
1219 2683 1278 2735 ἐν
1299 2681 1379 2753 τῷ
1408 2682 1533 2735 τότε
1565 2681 1675 2734 τῶν
1696 2682 1853 2734 εὐσε-

260 2777 396 2832 ϐῶν.
426 2779 565 2848 Περὶ
588 2777 781 2830 τούτου
801 2776 911 2846 γὰρ
933 2778 960 2829 ὁ
980 2775 1188 2846 Κύριος
1204 2775 1263 2828 ἐν
1283 2773 1638 2843 Εὐαγγελίοις
1661 2773 1850 2844 φησὶν,

273 2869 412 2923 Ἐὰν
453 2869 634 2937 ἔχητε
681 2868 892 2922 πίστιν
928 2867 1011 2931 ὼς
1047 2867 1274 2920 κόκκον
1305 2866 1640 2930 σινάπεως,
1665 2866 1854 2934 ἐρεῖτε

259 2958 342 3024 τῷ
363 2959 486 3026 ὄρει
510 2959 721 3028 τούτῳ,
747 2959 980 3026 Ἄρθητι
997 2955 1097 3009 καί
1112 2954 1382 3022 βλήθητι
1397 2957 1483 3020 είς
1498 2955 1616 3021 τὴν
1630 2954 1853 3009 θάλασ-

257 3067 407 3115 σαν,
444 3048 544 3102 καὶ
581 3050 905 3118 γενήσεται
936 3048 1144 3112 οὕτως,
1175 3049 1252 3101 Οὐ
1279 3047 1452 3119 δήπου
1474 3047 1585 3117 γὰρ
1616 3045 1692 3110 ὠς
1714 3047 1854 3118 πρὸς

264 3141 534 3204 ἀπίστους
558 3141 660 3210 τὴν
686 3141 872 3212 κοινὴν
894 3139 1077 3193 πίστιν
1097 3137 1272 3193 ταῦτα
1301 3138 1440 3210 πρὸς
1461 3139 1662 3202 αὐτοὺς
1681 3137 1854 3191 διελέ-

264 3249 394 3304 γετο
417 3275 430 3299 ,
464 3199 534 3274 -ξ
570 3199 672 3305 [ἐκ
701 3199 908 3289 Catena
975 3231 1310 3288 OEcumenii
1346 3199 1692 3303 usupplend.]
1715 3231 1854 3285 ἀλλὰ
1881 3199 1922 3257 C

264 3327 406 3398 πρὸς
429 3329 556 3391 τοὺς
583 3327 822 3390 οἰκείους
849 3326 1120 3398 μαθητάς.
1141 3326 1436 3379 Τουτέστιν
1464 3325 1591 3378 Ἐὰν
1611 3324 1775 3396 ἔχητε
1796 3323 1858 3377 τδ

264 3418 368 3486 τῆς
397 3417 637 3483 πίστεως
665 3419 934 3490 χάρισμα.
972 3419 1038 3471 '0
1065 3417 1123 3470 δὲ
1147 3411 1303 3470 εἶπεν
1321 3419 1349 3470 6
1368 3415 1576 3481 Κύριος
1592 3417 1650 3469 ἐν
1673 3417 1856 3484 Εὐαγ-

266 3509 469 3578 γελίοις
499 3509 755 3578 μέγιστον
785 3505 1027 3574 εἷναι,τδ
1057 3508 1145 3562 διὰ
1181 3508 1417 3569 πίστεως
1441 3507 1542 3578 ὄρη
1566 3506 1854 3577 μεθιστᾶν.

266 3601 590 3682 τοῦτόνφησι
623 3603 793 3676 μηδὲν
821 3598 964 3656 είναι
992 3599 1213 3670 ἀγάπης
1236 3599 1426 3670 χωρίς.

1961 549 2018 594 et
2061 540 2311 594 inﬁrmos
2358 541 2663 605 sanabant,
2729 542 2871 597 sicut
2928 542 3130 600 Paulus
3195 545 3442 616 Elymam
3489 557 3546 603 et

1958 629 2150 685 Petrus
2203 631 2472 684 Ananiam
2501 648 2515 686 :
2548 633 2642 701 qui
2678 647 2807 688 vero
2847 633 2989 688 dona
3029 636 3381 690 sanationum
3447 637 3544 691 ha-

1961 721 2185 786 bebant,
2215 723 2392 776 solum
2444 724 2720 778 sanabant
2752 743 2765 779 :
2798 734 3086 796 propterea
3114 727 3283 782 etiam
3307 737 3541 799 potesta-

1963 823 2047 868 tes
2075 812 2130 867 in
2156 813 2359 869 honore
2391 815 2676 884 praponit.

2039 993 2202 1050 Vens.
2237 996 2330 1051 '5l.
2376 1013 2397 1047 ι
2424 996 2783 1052 Emulamini
2815 1007 2998 1055 autem
3050 1000 3380 1056 charismata
3427 1015 3545 1058 me-

1957 1085 2116 1142 liora.
2150 1107 2169 1140 ι

2033 1179 2256 1250 (Theod.
2303 1179 2467 1236 Joan.
2504 1179 2770 1254 Gennad.)
2823 1180 3055 1247 Quidam
3095 1182 3196 1240 hoc
3237 1198 3336 1255 per
3374 1184 3543 1240 inter-

1958 1271 2294 1342 rogationem
2330 1271 2596 1343 legerunt,
2651 1274 2758 1328 hoc
2785 1282 2892 1338 est,
2941 1272 3178 1329 Omnino
3210 1274 3418 1344 majora
3449 1277 3542 1331 de-

1959 1363 2214 1418 sideratis
2266 1362 2453 1418 dona?
2508 1363 2567 1421 Si
2613 1365 2838 1419 omnino
2885 1364 2936 1418 id
2987 1365 3220 1434 cupitis,
3288 1381 3392 1436 ego
3446 1383 3543 1422 vos

1959 1461 2210 1522 prompte
2258 1457 2327 1508 ad
2361 1454 2478 1508 haec
2507 1454 2788 1508 deducam.
2821 1452 2958 1508 Nam
2985 1455 3036 1509 id
3069 1455 3384 1525 subjungit:
3425 1475 3444 1508 ι
3477 1457 3544 1512 Ει

1958 1543 2141 1598 adhuc
2195 1543 2634 1600 excellentiorem
2690 1545 2834 1600 viam
2888 1547 3044 1602 vobis
3119 1548 3468 1614 demonstro,
3516 1567 3537 1602 ο

1960 1637 2062 1692 hoc
2094 1645 2200 1703 est,
2250 1638 2317 1692 ad
2353 1652 2416 1693 ea
2452 1653 2574 1708 quae
2605 1637 2934 1694 excellenter
2981 1638 3188 1708 majora
3229 1649 3360 1696 sunt
3397 1640 3541 1697 dona

1960 1728 2103 1783 viam
2135 1728 2411 1800 ostendo.)

2583 1841 2741 1898 CAP.
2780 1840 2920 1900 XIII.

2015 1952 2186 2009 Vens.
2217 1954 2272 2009 2.
2310 1973 2332 2008 ι
2365 1954 2434 2010 Ει
2465 1954 2510 2010 si
2543 1955 2788 2011 habuero
2817 1955 3178 2027 prophetiam,
3206 1964 3262 2012 et
3291 1959 3539 2015 noverim

1947 2047 2205 2116 mysteria
2235 2048 2416 2101 omnia
2436 2087 2452 2113 ,
2479 2055 2532 2101 et
2554 2061 2768 2100 omnem
2796 2047 3081 2102 scientiam
3106 2065 3122 2103 :
3154 2058 3210 2102 et
3230 2049 3276 2105 si
3304 2049 3546 2106 habuero

1947 2151 2164 2192 omnem
2198 2137 2381 2204 ﬁdem,
2430 2138 2505 2192 ita
2549 2146 2609 2192 ut
2633 2145 2848 2192 montes
2896 2138 3246 2206 transferam,
3298 2140 3543 2196 charita-

1949 2239 2056 2284 tem
2087 2237 2265 2283 autem
2308 2243 2416 2282 non
2456 2227 2716 2294 habuero,
2748 2225 2878 2281 nihil
2902 2241 3043 2283 sum.
3075 2244 3096 2280 ι

2019 2317 2136 2374 Non
2175 2318 2287 2388 jam
2337 2319 2574 2373 ﬁdelium
2609 2319 2743 2373 dicit
2777 2317 2960 2384 ﬁdem,
3015 2333 3360 2374 communem
3394 2317 3544 2374 illam

1949 2418 2005 2466 et
2034 2410 2418 2477 universalem,
2443 2411 2536 2466 scd
2565 2412 2763 2466 donum
2801 2411 2993 2480 gratiae
3025 2409 3145 2465 ﬁdei
3175 2427 3190 2465 :
3242 2420 3362 2466 erat
3399 2411 3543 2466 enim

1950 2501 2075 2556 doni
2109 2501 2294 2568 gratia:
2325 2501 2536 2571 species
2580 2516 2701 2572 qua:
2729 2503 2918 2556 eodem
2955 2501 3196 2564 nomine,
3244 2515 3352 2569 quo
3385 2501 3542 2566 lldes,

1952 2591 2346 2662 appellabatur,
2386 2607 2557 2662 quare
2589 2592 2643 2647 in
2676 2594 3014 2664 apparitione
3037 2591 3548 2646 communicationis

1951 2683 2278 2754 spiritualis,
2300 2685 2486 2739 multis
2517 2685 2729 2756 piorum
2755 2687 2846 2752 qui
2881 2685 2971 2739 illo
3004 2694 3242 2754 tempore
3273 2683 3549 2747 vivebant,

1951 2778 2374 2832 concedebatur.
2423 2778 2499 2832 De
2551 2779 2655 2834 hoc
2685 2779 2830 2832 enim
2862 2779 3124 2834 Dominus
3153 2778 3206 2832 in
3239 2776 3552 2847 Evangeliis

1952 2869 2133 2923 dicit:
2189 2867 2254 2923 Si
2307 2866 2601 2922 habueritis
2627 2869 2787 2936 ﬁdem
2841 2871 2984 2923 sicut
3032 2884 3259 2938 granum
3323 2868 3546 2935 sinapis,

1951 2958 2137 3014 dicetis
2169 2962 2338 3014 monti
2367 2961 2490 3014 huic
2537 2975 2557 3015 .'
2599 2959 2804 3014 Tollere
2831 2971 2880 3015 et
2929 2961 3139 3014 mittere
3181 2961 3236 3014 in
3286 2973 3453 3025 mare,
3498 2965 3550 3012 et

1951 3053 2040 3122 ﬁet
2070 3053 2146 3106 ita
2168 3053 2236 3107 ³⁸.
2273 3052 2389 3108 Non
2425 3053 2592 3123 igitur
2614 3052 2762 3107 velut
2793 3053 2859 3106 ad
2905 3052 3149 3108 inﬁdeles
3180 3052 3270 3120 qui
3300 3065 3551 3106 commu~

1955 3159 2080 3198 nem
2130 3143 2287 3198 Iidem
2352 3159 2459 3198 non
2533 3143 2765 3213 amplexi
2845 3152 3072 3206 essent,
3137 3144 3252 3197 haec
3312 3141 3382 3196 ad
3451 3153 3550 3195 eos

1961 3236 2430 3305 penoravit,—sed
2454 3236 2522 3290 ad
2555 3250 2683 3291 suos
2719 3235 3012 3304 discipulos
3035 3248 3218 3289 sermo
3249 3240 3369 3287 erat
3397 3252 3409 3287 :
3445 3231 3551 3287 hoc

1963 3335 2068 3393 est,
2095 3325 2154 3382 Si
2182 3327 2486 3382 habueritis
2516 3327 2639 3382 ﬁdei
2666 3327 2888 3382 donum.
2907 3325 3059 3391 Quod
3078 3333 3256 3378 autem
3291 3321 3552 3378 Dominus

1963 3415 2018 3470 in
2052 3417 2359 3485 Evangeliis
2402 3419 2700 3472 maximum
2747 3433 2872 3473 esse
2917 3415 3078 3481 dixit,
3111 3429 3308 3483 nempe
3337 3423 3551 3469 montes

1965 3515 2357 3574 transmutare,
2388 3508 2491 3564 hoc
2521 3509 2599 3564 ait
2621 3511 2740 3565 sine
2762 3509 3030 3564 charitate
3055 3507 3192 3563 nihil
3223 3520 3368 3563 esse.

3060 3760 3519 3778 Ψ

541 3904 671 3997 ΙΝ
742 3901 1430 3998 EPISTOLAM
1513 3899 2147 3992 SECUNDAM
2234 3901 2388 3992 AD
2463 3903 3270 4000 CORINTHIOS.

1496 4093 1561 4158 (Β
1589 4091 1700 4144 cod.
1727 4089 1875 4144 Bodl.
1901 4090 2120 4157 Clima,
2149 4097 2187 4158 t,
2210 4093 2320 4159 VI.)

891 4345 1150 4400 ΚΕΦΑΛ.
1190 4342 1249 4400 I'.

343 4462 367 4496 ε
399 4441 480 4496 Τὰ
507 4440 651 4496 κατὰ
689 4439 982 4511 πρόσωπον
1011 4437 1261 4509 βλέπετε.
1300 4453 1322 4486 ι

345 4535 507 4588 Κατὰ
585 4531 986 4602 ἐπιτιμητικὴν
1044 4530 1336 4599 ὑπόκρισιν
1389 4526 1548 4581 τοῦτο
1605 4527 1852 4595 άναγνω-

274 4627 467 4680 στέον⁸
503 4627 646 4690 ἀντὶ,
686 4625 801 4678 Οὐκ
830 4625 899 4676 ἐκ
938 4622 1049 4676 τῶν
1093 4623 1273 4692 ἔργων
1308 4619 1412 4690 τῆς
1457 4619 1717 4690 ἀληθείας
1754 4620 1856 4691 τὴν

277 4721 546 4786 ἐξέτασιν,
580 4720 646 4772 ἐκ
697 4717 756 4772 δὲ
804 4715 913 4770 τῶν
963 4714 1233 4784 ἐπιπολῆς
1276 4712 1466 4777 ἁπλῶς
1512 4714 1856 4784 φαινομένων

274 4812 600 4883 λαμϐάνετε.

1883 4343 1937 4404 D

2610 4343 2766 4400 CAP.
2811 4341 2881 4398 Χ.

2033 4436 2202 4493 Vens.
2241 4438 2291 4490 7.
2339 4453 2358 4488 ι
2390 4435 2519 4503 Quae
2551 4436 2851 4491 secundum
2878 4432 3071 4488 faciem
3102 4438 3248 4497 sunt,
3271 4431 3486 4488 videtis.
3517 4451 3539 4487 ι

2030 4527 2113 4581 Ad
2155 4527 2567 4596 vituperandam
2617 4525 3020 4581 simulationem
3061 4524 3162 4580 hoc
3206 4522 3400 4580 referri
3447 4526 3547 4580 de-

1959 4619 2072 4674 bet.
2106 4617 2314 4674 Sensus
2348 4627 2432 4674 est
2461 4636 2476 4673 :
2503 4617 2622 4674 Non
2660 4633 2726 4673 ex
2750 4617 3008 4688 Operihns
3036 4615 3305 4680 veritatis,
3341 4616 3436 4673 sed
3478 4631 3547 4673 ex

1963 4711 2033 4765 iis
2074 4709 2424 4765 solummodo
2471 4724 2590 4780 quae
2636 4709 2692 4764 in
2744 4706 3034 4778 superﬁcie
3077 4713 3363 4776 apparent,
3403 4705 3549 4775 judi-

1966 4804 2108 4858 cium
2144 4800 2318 4857 fertis.

1039 5120 1168 5211 IN
1243 5116 1926 5211 EPISTOLAM
2008 5117 2160 5207 AD
2234 5114 2793 5209 GALATAS.

1356 5309 1451 5372 (Ea:
1474 5311 1652 5363 Catena
1674 5309 1970 5374 OEcumcnii,
2000 5317 2118 5375 tom,
2149 5310 2192 5373 l,
2213 5309 2324 5372 742,
2350 5308 2484 5374 747.)

887 5464 1144 5522 ΚΕΦᾹΛ.
1185 5461 1264 5515 Γθ.

351 5585 371 5618 ‹
420 5564 480 5617 '0
507 5561 565 5616 δὲ
596 5557 825 5630 μεσίτης
856 5558 975 5619 ἐνὸς
1005 5555 1105 5608 οὐκ
1128 5551 1295 5604 ἐστιν.
1331 5569 1352 5602 ι

345 5657 511 5725 Λέγει
534 5653 739 5716 τοίνυν,
771 5651 852 5703 ὅτι
872 5648 1079 5718 Μωσῆς
1116 5644 1216 5715 μὲν
1242 5641 1564 5715 ἐμεσίτευσε
1600 5641 1738 5714 πρὸς
1766 5643 1866 5714 τὴν

311 5801 352 5832 ³⁸
375 5792 565 5850 Matth.
601 5803 734 5854 xv",
768 5786 857 5841 l9.

2607 5459 2758 5514 CAP.
2801 5459 2888 5514 III.

2032 5552 2202 5607 Vens.
2233 5551 2326 5608 20.
2375 5571 2395 5604 ι
2429 5551 2696 5608 Mcdiator
2719 5561 2901 5607 autem
2939 5551 3102 5607 unius
3135 5565 3244 5608 non
3268 5558 3373 5608 est.
3405 5568 3428 5606 ι
3461 5599 3464 5601 Α

2045 5644 2188 5699 Dicit
2214 5659 2342 5708 ergo
2369 5645 2512 5715 quod
2547 5643 2722 5700 Moses
2747 5645 2963 5714 quidem
2995 5643 3262 5700 mediator
3291 5641 3454 5700 fuerit
3476 5641 3545 5699 ad
