4086 6416
530 382 662 447 1731

525 595 737 657 oportet
766 594 949 643 autem
994 598 1118 639 eum
1152 582 1243 651 qui
1282 595 1411 637 vere
1458 581 1727 642 mediator
1764 579 1980 637 futurus
2023 588 2109 636 est

526 691 653 747 erga
682 691 844 737 unum
883 671 1050 728 Deum
1095 671 1339 733 onmium
1370 671 1634 751 gentium,
1671 670 1848 733 creari
1882 685 1986 724 non
2017 685 2110 725 su-

526 782 624 835 per
662 766 1040 820 mediationem
1086 765 1247 820 unius
1293 765 1491 835 gentis,
1539 764 1635 820 sed
1682 763 1925 825 omnium
1972 778 2109 843 geu-

529 860 660 912 tium
698 874 711 910 :
744 856 1191 927 quandoquidem
1231 857 1395 912 etiam
1420 855 1659 911 omnium
1686 855 1927 926 gentium
1967 869 2109 910 unus

526 957 610 1007 est
646 946 810 1012 Deus.
848 946 1002 1005 Hunc
1030 956 1212 1009 autem
1242 960 1368 1007 esse
1394 954 1611 1016 oportet
1638 959 1747 1000 non
1774 944 1975 1009 nudum
2005 944 2107 1000 ho-

529 1039 754 1103 minem,
774 1038 950 1107 qualis
976 1049 1095 1092 erat
1118 1036 1317 1101 Moses,
1342 1038 1437 1092 sed
1465 1035 1743 1091 Christum
1766 1034 1960 1103 Filium
1990 1034 2106 1101 Dei,

527 1129 621 1198 qui
656 1130 797 1193 idem
837 1129 999 1193 simul
1024 1144 1152 1183 vere
1187 1129 1329 1184 Dens
1355 1137 1438 1183 est
1464 1137 1518 1189 et
1539 1143 1670 1191 vere
1700 1131 1901 1191 homo:
1933 1135 1989 1185 et
2011 1142 2107 1193 co-

528 1220 793 1290 gnatione
836 1236 999 1290 quam
1046 1219 1114 1276 ad
1165 1228 1457 1288 utrumque
1495 1215 1680 1281 habet,
1719 1226 2014 1288 utrumque
2052 1214 2105 1277 in

527 1316 703 1382 seipso
734 1311 1035 1382 conjungit.
1066 1310 1187 1380 Ipse
1228 1309 1494 1381 siquidem
1540 1318 1629 1364 est
1662 1323 1767 1378 pax
1796 1318 1983 1365 nostra
2013 1309 2106 1378 qui

526 1401 657 1458 fecit
682 1417 747 1457 ex
785 1401 1032 1472 utrisque
1065 1417 1255 1459 unum.

1161 1511 1316 1573 CAP.
1359 1511 1475 1572 XV.

589 1624 756 1681 Vens.
796 1627 854 1681 Ξ.
898 1645 918 1678 ι
948 1624 1043 1685 Sic
1079 1634 1135 1681 et
1177 1640 1279 1683 nos
1326 1641 1451 1682 cum
1496 1642 1747 1687 essemus
1785 1622 1975 1698 pueri,
2006 1641 2106 1682 suo

523 1719 807 1774 elementis
837 1719 1017 1773 mundi
1050 1733 1270 1773 eramus
1303 1718 1358 1772 in
1388 1719 1711 1775 servitutem
1736 1718 1936 1773 adacti.
1974 1737 1994 1769 ι

598 1809 659 1864 lu
698 1809 1113 1864 similitudinem
1149 1819 1564 1880 procuratorum
1594 1818 1649 1864 et
1675 1822 2101 1873 oeconomorum,
2141 1830 2185 1886 Β

523 1902 614 1971 qui
646 1902 994 1975 imperfectos
1022 1916 1121 1972 per
1159 1910 1375 1965 aetatem
1409 1901 1684 1963 instruunt
1711 1915 1775 1959 ac
1798 1901 2106 1969 [moderatur

525 2006 615 2048 tur
661 1994 728 2051 ad
771 1994 825 2048 id
868 1993 1012 2062 quod
1060 1993 1303 2064 expedit,
1339 1992 1526 2053 mundi
1568 1993 1778 2063 accepit
1813 1992 2105 2057 elementa,

522 2090 717 2156 quibus
745 2088 799 2157 in
835 2087 1150 2151 servitutem
1176 2086 1380 2147 redacti
1420 2099 1639 2153 eramus
1670 2095 1892 2158 propter
1923 2086 2108 2157 cogni-

525 2180 688 2232 tionis
737 2176 1233 2247 imperfectionem.
1278 2177 1631 2259 Nequaquam
1664 2179 1853 2257 igitur,
1889 2187 1949 2242 ut
1990 2177 2108 2247 opi-

521 2285 646 2333 nor.
682 2270 853 2331 solem
888 2278 946 2327 et
986 2269 1170 2333 lunam
1206 2269 1260 2325 in
1291 2272 1539 2337 ordinem
1566 2280 1985 2337 procuratorum
2019 2284 2108 2350 re-

524 2362 693 2431 degit,
724 2370 1012 2431 propterea
1059 2362 1203 2431 quod
1231 2361 1423 2417 inutile
1463 2370 1613 2418 esset
1659 2361 1746 2417 his
1783 2375 1904 2418 esse
1932 2360 2108 2439 subjeo

522 2460 692 2517 ctum,
740 2451 837 2505 sed
876 2449 1149 2509 elementa
1195 2450 1379 2506 mundi
1412 2451 1563 2515 dicit,
1596 2459 1690 2505 aut
1718 2450 2104 2507 elementarem

520 2553 577 2597 et
607 2542 1028 2601 introductivam
1057 2542 1229 2611 legem
1257 2542 1567 2604 (Scribebat
1592 2542 1740 2601 enim
1761 2543 2106 2600 credentibus

521 2646 554 2687 e
577 2631 802 2698 Iudaeis,
832 2642 890 2688 et
937 2633 1208 2703 signiﬁcat
1243 2641 1356 2689 tum
1404 2649 1468 2688 ea
1499 2649 1620 2702 qua:
1655 2635 1816 2705 paulo
1857 2637 2105 2706 superius

521 2722 666 2777 dicta
701 2731 847 2788 sunt,
879 2732 990 2777 tum
1019 2721 1163 2792 quod
1190 2722 1236 2778 si
1267 2722 1706 2790 circumdamini,
1739 2724 1989 2782 Christus
2013 2741 2106 2782 vo-

522 2812 609 2867 bis
656 2813 792 2868 nihil
817 2814 1084 2885 proderit)
1128 2824 1224 2870 aut
1253 2815 1521 2877 elementa
1550 2829 1706 2875 vocat
1735 2821 1871 2888 dies,
1905 2835 2102 2891 aquam

521 2914 576 2963 et
608 2906 813 2974 ignem,
844 2923 1077 2978 quorum
1111 2920 1269 2973 erant
1297 2914 1713 2991 observationes
1741 2928 1807 2968 ex
1844 2912 1962 2989 lege
1983 2928 2103 2984 qua!

522 2997 577 3052 in
613 2999 931 3063 servitutem
969 3002 1215 3073 adigebat
1248 3021 1262 3058 :
1288 3006 1497 3060 dierum
1524 3007 1743 3077 quidem
1774 3006 1829 3062 in
1860 3006 2102 3070 sabbatis

520 3099 575 3143 et
604 3091 903 3151 neomcniis
947 3106 1012 3149 ac
1053 3093 1588 3163 circumcisionibus,
1635 3112 1789 3169 aqua:
1827 3109 2009 3157 autem
2045 3097 2098 3154 in

1155 376 1530 438 GENNADII
1568 372 2074 435 PATRIARCHAE

2206 420 2219 433 .
2259 372 2340 435 IN
2377 369 2617 433 EPIST.
2647 369 2747 428 AD
2781 365 3012 429 HEBB.

432 481 447 515 ⁵
526 496 799 553 dationem
846 490 1005 562 legis,
1042 491 1141 553 sed
1187 493 1278 547 uni
1311 489 1409 547 soli
1455 490 1603 561 genti
1654 490 1923 549 mediator
1955 489 2100 547 fuit:

2206 487 2352 542 δόσιν
2404 486 2500 539 τοῦ
2551 483 2742 554 νόμου,
2797 482 2914 545 ἀλλ’
2943 482 3023 536 ἐνὶ
3052 480 3214 554 μόνον
3240 480 3600 552 ἐμεσίτευσεν
3634 480 3802 534 ἔθνει.

3662 364 3804 429 1732

2210 581 2301 633 Δεῖ
2319 576 2376 631 δὲ
2400 576 2492 630 τὸν
2516 576 2593 640 ὡς
2620 574 2839 644 ἀληθῶς
2882 572 3149 644 μέλλοντα
3180 571 3496 643 μεσιτεύειν
3534 569 3675 643 πρὸς
3708 571 3806 623 τὸν

2206 668 2317 733 τῶν
2347 668 2606 722 ἁπάντων
2635 665 2807 721 ἐθνῶν
2828 665 2923 718 ἕνα
2951 664 3106 732 Θεὸν,
3143 664 3242 735 οὐχ
3277 664 3417 735 ὑπὲρ
3450 661 3569 727 ένδς
3590 662 3804 730 ἔθνους,

2208 761 2325 816 ἀλλ’
2355 761 2497 829 ὑπὲρ
2528 761 2749 819 πάντων
2775 762 2934 831 κοινῇ
2970 758 3072 827 τὴν
3115 757 3399 829 μεσιτείαν
3440 755 3801 826 ποιήσασθαι,

2207 852 2401 925 ἐπειδὴ
2440 852 2534 907 καὶ
2562 852 2785 907 πάντων
2823 850 2993 905 ἐθνῶν
3022 844 3105 915 εἷς
3138 851 3257 904 ἐστι
3290 848 3447 913 Θεός.
3489 849 3589 920 Elin
3638 849 3685 915 δ’
3734 848 3805 902 ἂν

2207 939 2384 1010 οὗτος,
2412 947 2474 999 οὑ
2501 945 2656 1018 ψιλὸς
2677 944 2968 1017 ἄνθρωπος
2998 940 3110 1009 οἷος
3136 945 3364 1013 Μωσῆς,
3399 941 3537 996 ἀλλὰ
3562 942 3807 1013 Χριστὸς

2206 1038 2236 1091 ὁ
2269 1037 2399 1101 Υἱὸς
2437 1035 2535 1090 τοῦ
2564 1035 2723 1103 Θεοῦ,
2758 1035 2892 1099 Θεός
2932 1052 2993 1090 τε
3038 1035 3113 1090 ὢν
3155 1034 3371 1106 ἀληθῶς
3403 1035 3433 1087 ὁ
3462 1035 3627 1100 αὐτὸς
3658 1034 3805 1106 ἅμα,

2207 1129 2305 1183 καὶ
2333 1127 2627 1199 ἄνθρωπος
2653 1126 2893 1198 ἀληθῶς,
2944 1125 3042 1181 καὶ
3078 1128 3145 1197 τῇ
3199 1126 3496 1197 συγγενείᾳ.
3543 1127 3611 1198 τῇ
3662 1124 3806 1196 πρὸς

2208 1221 2493 1292 ἑκάτερον,
2527 1222 2609 1284 είς
2637 1220 2695 1274 ἓν
2721 1221 2970 1287 συνάγων
2998 1220 3057 1273 ὲν
3086 1218 3266 1289 ἑαυτῷ
3298 1217 3369 1272 τὰ
3401 1219 3662 1289 ἑκάτερα.
3689 1219 3805 1278 Αὐ-

2206 1312 2298 1377 τὸς
2328 1312 2439 1383 γάρ
2458 1313 2608 1367 ἐστιν
2637 1313 2671 1381 ἡ
2703 1312 2896 1383 εἰρήνη
2923 1313 2956 1381 ἡ
2967 1311 3108 1385 μῶν,
3138 1312 3168 1365 ὁ
3214 1311 3450 1382 ποιήσας
3505 1312 3574 1366 τὰ
3622 1310 3808 1383 ἀμφό-

2206 1421 2341 1475 τερα
2376 1404 2456 1459 ἓν.

2874 1511 3032 1577 Κεφ.
3062 1508 3135 1565 A'.

2282 1642 2303 1677 ι
2346 1622 2536 1687 Οὕτως
2570 1622 2867 1693 minus!“
2889 1622 2980 1675 ὅτε
3013 1616 3158 1692 ἧμιν
3180 1621 3390 1692 νήπιοι,
3421 1619 3528 1675 ὑπὸ
3552 1620 3626 1675 τὰ
3648 1636 3802 1677 στοι-

2206 1720 2331 1789 χεῖα
2366 1716 2461 1771 τοῦ
2490 1717 2703 1787 κόσμου
2728 1710 2873 1786 ἦμεν
2902 1713 3316 1784 δεδουλωμένοι.
3348 1731 3369 1765 ι

2292 1811 2381 1863 Ἐν
2407 1808 2561 1874 τάξει
2596 1808 2707 1861 τῶν
2737 1806 3052 1877 ἐπιτρόπων
3087 1804 3183 1860 καὶ
3201 1804 3505 1876 οἰκονόμων
3532 1804 3641 1858 τῶν
3668 1804 3803 1869 τοὺς

2208 1899 2419 1964 ἀτελεῖς
2446 1903 2514 1972 τῇ
2556 1899 2745 1972 ἡλικίᾳ
2791 1898 2930 1969 πρὸς
2974 1897 3035 1951 τὸ
3061 1896 3344 1967 συμφέρον
3377 1896 3802 1965 παιδαγωγοῦνο

2206 2009 2337 2057 των,
2363 1991 2530 2047 ἔλασε
2555 1990 2629 2047 τά
2662 1993 2909 2063 στοιχεῖα
2932 1988 3026 2047 τοῦ
3063 1991 3298 2060 κόσμου,
3331 1986 3413 2054 οἷς
3444 1985 3589 2060 ἦμεν
3615 1990 3803 2045 δεδου-

2206 2084 2441 2155 λωμένοι
2461 2083 2554 2139 διὰ
2583 2084 2648 2140 τὸ
2674 2084 2777 2161 τῆς
2801 2083 3059 2153 γνώσεως
3086 2082 3300 2147 ἀτελές.
3323 2082 3439 2137 υὺκ
3473 2082 3543 2136 ἂν
3578 2082 3694 2144 οὖν.
3719 2082 3804 2147 ὡς

2206 2172 2387 2246 οἶμαι,
2424 2174 2577 2246 ἥλιον
2622 2176 2721 2228 καὶ
2746 2173 2981 2246 σελήνην
3023 2172 3216 2228 ἐλαϐεν
3242 2173 3325 2249 εἰς
3355 2171 3512 2240 τάξιν
3540 2171 3650 2227 τῶν
3674 2172 3803 2226 ἑπι-

2205 2267 2450 2338 τρόπων,
2474 2267 2565 2325 διὰ
2588 2270 2662 2334 ,τὸ
2688 2266 3008 2339 ἀσύμφορον
3031 2264 3174 2323 εἶναι
3195 2266 3296 2345 τὴν
3333 2268 3414 2328 εἰς
3438 2264 3615 2324 ταῦτα
3661 2264 3801 2321 ὑπο-

2204 2360 2402 2432 ταγὴν,
2432 2358 2573 2415 ἀλλά
2615 2359 2865 2435 στοιχεῖά
2892 2376 3026 2432 φησι
3068 2358 3166 2413 τοῦ
3198 2359 3432 2431 κόσμου,
3463 2358 3497 2429 ἢ
3526 2356 3622 2411 τὸν
3656 2374 3804 2412 στοιι-

2205 2452 2405 2525 χειώδη
2439 2452 2534 2515 καὶ
2561 2452 2932 2522 είσαγωγικὸν
2973 2451 3160 2523 νόμον.
3216 2449 3353 2523 (Καὶ
3403 2449 3512 2519 γὰρ
3564 2450 3680 2511 τοῖς
3736 2444 3802 2515 ἐξ

2218 2545 2489 2601 Ἰουδαίων
2543 2546 2757 2611 πιστοῖς
2801 2544 3035 2617 ἔγραφε,
3093 2545 3194 2600 καὶ
3246 2544 3399 2617 δηλοῖ
3418 2543 3488 2599 τά
3508 2559 3569 2596 τε
3598 2541 3802 2615 μικρὸν

2204 2635 2465 2711 ἀνωτέρω
2491 2636 2788 2708 είρημένα,
2817 2636 2914 2691 καὶ
2950 2636 3013 2691 τὸ
3050 2637 3147 2691 ἐὰν
3199 2633 3626 2711 περιτέμνησθε,
3659 2634 3803 2705 Χριρ

2203 2729 2330 2793 στὸς
2361 2729 2506 2799 ὑμᾶς
2546 2728 2701 2784 οὐδὲν
2741 2728 3142 2801 ὠφελήσει).Ἦ
3174 2729 3415 2801 στοιχεῖα
3443 2727 3621 2793 καλεῖ,
3656 2726 3799 2797 ἡμέ-

2205 2835 2328 2890 ρας,
2364 2816 2534 2891 ὕδωρ,
2584 2817 2718 2895 πῦρ,
2762 2812 2839 2885 ὧν
2868 2815 3010 2892 ἦσαν
3036 2822 3102 2879 ἐκ
3130 2818 3229 2882 τοῦ
3266 2821 3347 2887 είς
3380 2818 3630 2876 δουλείαν
3657 2819 3801 2874 ὑπα-

2204 2910 2469 2980 γαγόντος
2502 2910 2671 2982 νόμου
2714 2912 2770 2975 αί
2801 2911 3242 2984 παρατηρήσεις.
3283 2907 3545 2983 Ἢμερῶν
3576 2908 3702 2985 μὲν,
3736 2906 3798 2964 ἐν

2202 3021 2266 3058 τε
2293 3002 2599 3069 ΣαϐΜτοις
2630 3004 2728 3065 καὶ
2757 3003 3074 3079 νεομηνίαις
3103 3003 3198 3067 καὶ
3226 3004 3577 3075 περιτομαίς.
3625 3000 3800 3056 ’Ὑδα-

2203 3115 2295 3161 τος
2326 3097 2409 3166 δὲ,
2436 3099 2495 3152 ὲν
2527 3098 2648 3171 ταῖς
2666 3098 3014 3168 σωματικαῖς
3042 3094 3288 3169 ἁγνείαις
3317 3093 3411 3153 καὶ
3436 3093 3795 3163 βαπτισμοῖςο

521 3178 994 3251 puriticationibns
1029 3198 1094 3238 ac
1126 3184 1441 3257 lationibus,
1468 3187 1611 3258 ignis
1643 3203 1770 3243 vero
1794 3190 1844 3242 in
1876 3204 1983 3243 non
2012 3204 2100 3244 ac-

2204 3190 2375 3261 πυρὸς
2409 3190 2496 3255 δὲ,
2534 3192 2591 3243 ὲν
2628 3188 2707 3260 τῷ
2743 3188 2822 3262 μὴ
2853 3189 3142 3251 ἀνακαίειν
3176 3188 3287 3260 πῦρ
3334 3189 3395 3242 ὲν
3425 3190 3540 3252 τοῖς
3574 3186 3800 3252 Σαὸὅά-

521 3274 801 3331 cendendo
833 3274 1076 3331 sabbatis
1117 3276 1263 3348 igne,
1316 3279 1411 3332 sed
1464 3279 1688 3335 edendis
1718 3280 1982 3350 pridianis
2032 3295 2097 3335 ac

522 3363 756 3434 frigidis.
812 3365 941 3427 Vide
979 3377 1161 3423 autem
1209 3370 1339 3441 quid
1383 3371 1531 3429 circa
1577 3372 1679 3427 hoc
1718 3372 2095 3428 admirandum

520 3455 671 3509 dicat
728 3453 995 3517 Eusebius
1043 3470 1242 3526 quarto
1297 3461 1444 3517 libro
1498 3460 1565 3519 de
1619 3460 2097 3523 Demonsuatioue

519 3545 848 3616 evangelica.

2201 3298 2338 3345 τοις,
2384 3280 2500 3334 ἀλλ’
2530 3280 2674 3335 ἕωλα
2707 3281 2932 3335 ἐσθίειν.
2967 3281 3112 3355 Ὅρα
3143 3280 3202 3335 δὲ
3242 3281 3296 3335 τί
3329 3276 3483 3336 εἶπεν
3519 3280 3603 3344 είς
3630 3279 3799 3335 τοῦτο

2203 3372 2351 3437 ξένον
2398 3373 2663 3437 Εὐσέδιος
2699 3374 2760 3427 έν
2801 3372 2882 3444 τῷ
2919 3372 3168 3446 τετάρτῳ
3205 3374 3350 3444 λόγῳ
3377 3375 3479 3444 τῆς
3502 3370 3798 3442 εὐαγγελι-

2201 3465 2303 3539 κῇς
2331 3463 2707 3529 ’Δποδείξεως.

525 3769 3763 3800 ___________________________________________________

1262 3935 1388 4025 IN
1463 3934 2145 4030 EPISTOLAM
2216 3936 2367 4028 AD
2437 3937 3068 4037 HEBRIEOS‘.

1499 4148 1562 4213 (Ε
1594 4148 1702 4201 cod.
1732 4148 1901 4201 Puris.
1924 4149 2019 4200 258
2044 4148 2345 4215 deprompsit
2388 4151 2610 4215 Casus,
2631 4159 2669 4206 t.
2703 4152 2836 4220 VII.)

1050 4489 1279 4549 CAPUT
1341 4488 1640 4549 PRIMUM.

589 4621 757 4678 Vens.
809 4621 864 4678 Ι.
930 4640 949 4673 ι
981 4621 1336 4677 Multifariam
1386 4620 1685 4691 militisque
1733 4621 1908 4679 modis
1967 4623 2095 4680 olim

521 4715 664 4769 Deus
707 4714 932 4782 loquens
963 4713 1206 4782 patribus
1247 4713 1302 4766 in
1330 4711 1627 4780 prophetis,
1664 4713 1958 4770 novissime
1990 4716 2102 4772 die-

519 4806 622 4860 hus
651 4805 775 4859 istis
805 4804 1019 4857 loculus
1050 4811 1135 4857 est
1164 4803 1321 4857 nobis
1351 4802 1404 4857 in
1432 4800 1591 4869 Filio,
1626 4819 1787 4875 quem
1817 4809 2101 4865 constituit

521 4892 793 4950 ιιωωιιεω
831 4895 1233 4957 universorum,
1264 4907 1358 4962 per
1385 4909 1546 4965 quem
1570 4895 1703 4955 fecit
1741 4907 1797 4953 et
1824 4899 2045 4956 saecula.
2070 4919 2095 4956 ι

492 5060 499 5067 ’
592 5074 752 5140 Deus,
797 5074 990 5142 inquit,
1027 5072 1119 5142 qui
1169 5073 1442 5134 Abraamo
1488 5088 1544 5135 et
1588 5079 1757 5155 Moysi
1800 5097 2103 5155 eorumque

522 5166 758 5235 posteris
794 5168 942 5219 vario
973 5166 1155 5233 modo,
1186 5184 1286 5224 nec
1321 5171 1495 5227 minus
1529 5176 1675 5229 omni
1715 5185 1955 5247 tempore
1983 5194 2101 5233 ma-

513 5257 723 5326 joribus
756 5259 962 5312 nostris
993 5256 1203 5334 locutus
1230 5272 1313 5316 est
1345 5277 1441 5332 per
1471 5269 1766 5335 prophetas
1792 5284 1944 5336 suos,
1966 5285 2101 5327 con—

519 5358 789 5402 summato
826 5347 937 5417 jam
989 5351 1136 5407 omni
1187 5363 1429 5423 tempore
1457 5355 1669 5414 locutus
1714 5370 1798 5414 est
1849 5361 2006 5416 nobis
2043 5361 2096 5417 in

518 5437 632 5494 Deo
663 5438 949 5511 (Christo),
998 5441 1050 5496 id
1098 5450 1204 5510 est,
1238 5445 1447 5515 legibus
1491 5451 1676 5517 generi
1724 5464 1961 5505 numano
2002 5465 2099 5520 per

516 5542 709 5588 omnes
751 5540 940 5590 αιτιοι
978 5535 1268 5606 adaptatis,
1318 5538 1392 5592 ita
1445 5551 1503 5593 ut
1547 5539 1691 5595 servi
1729 5539 1899 5610 ipsius
1931 5540 2096 5612 justi-

2133 4480 2180 4538 D

2626 4493 3028 4560 ΚΕΦΑΔΑΙΘΝ
3064 4494 3365 4561 ΠΡΩΤΟΝ.

2279 4651 2300 4685 ι
2338 4629 2675 4703 Πολυμερῶς
2699 4630 2795 4685 καὶ
2824 4631 3176 4704 πολυτρόπως
3206 4634 3376 4690 πάλαι
3401 4638 3429 4690 ὁ
3454 4636 3590 4701 Θεδς
3615 4637 3793 4712 λαλή-

2207 4738 2308 4787 σας
2358 4725 2475 4787 τοῖς
2520 4723 2800 4793 πατράσιν
2843 4724 2903 4777 έν
2924 4725 3041 4788 τοῖς
3070 4728 3401 4799 προφήταις,
3425 4726 3514 4781 ἐπ’
3546 4729 3787 4799 ἐσχάτου

2204 4814 2315 4868 τῶν
2341 4813 2565 4886 ἡμερῶν
2588 4813 2798 4868 τούτων
2826 4815 3091 4887 ἐλάλησεν
3114 4820 3246 4888 ἡμῖν
3276 4821 3336 4873 έν
3380 4820 3521 4890 Υίῷ,
3546 4820 3606 4875 δν
3648 4821 3786 4892 έθη-

2198 4920 2264 4958 κε
2313 4904 2650 4976 κληρονόμον
2705 4904 2965 4974 πάντων,
3016 4907 3087 4961 δι’
3124 4902 3188 4962 οὗ
3244 4910 3343 4963 καὶ
3401 4910 3532 4975 τοὺς
3575 4901 3784 4977 αἰῶνας

2198 4993 2447 5063 ἐποίησε.
2480 5014 2499 5047 ι

2270 5086 2397 5152 Τοῖς
2454 5086 2599 5157 ἀμφὶ
2620 5087 2716 5142 τὸν
2757 5087 3011 5160 Ἀϐραάμ
3046 5106 3109 5143 τε
3173 5089 3269 5143 καὶ
3308 5087 3401 5143 τὸν
3448 5089 3660 5144 Μωσέα
3683 5092 3780 5146 καὶ

2198 5175 2324 5239 τοὺς
2380 5175 2621 5247 καθεξῆς
2662 5175 2939 5248 διαφόρως
2962 5173 3078 5244 οὖν,
3111 5179 3268 5250 φησι,
3299 5180 3394 5233 καὶ
3419 5181 3780 5251 καταλλὴλως

2200 5266 2419 5339 ἑκάστῳ
2476 5265 2655 5341 καιρῷ
2691 5270 2804 5331 τοῖς
2850 5268 3143 5340 ἡμετέροις
3202 5271 3492 5340 προγόνοις
3540 5270 3629 5325 διὰ
3667 5270 3782 5324 τῶν

2199 5358 2419 5412 οἰκείων
2475 5359 2776 5429 προφητῶν
2820 5358 3089 5431 ὁμιλήσας
3122 5359 3276 5425 Θεὸς,
3301 5359 3396 5413 τοῦ
3445 5360 3645 5423 παντὸς
3672 5361 3781 5432 ἤδη

2197 5451 2389 5520 χρόνου
2440 5452 2961 5526 συμπληρουμένου,
3007 5454 3311 5526 λελάκηκεν
3342 5458 3476 5529 ἡμῖν
3528 5459 3587 5510 ἐν
3631 5457 3780 5530 Θεῷ,

2196 5544 2464 5611 τουτέστι,
2501 5546 2691 5617 νόμοις
2728 5546 2999 5620 πρότερον
3042 5548 3104 5603 τὸ
3146 5549 3302 5619 γένος
3336 5549 3496 5622 ἡμῶν
3538 5549 3785 5623 ἑκάστης

610 5706 1497 5803 ξρὲρξξξιξξξῑξηξὶ-ξξξλρριίνονῃς
1521 5713 1590 5768 δὲ
1612 5715 1720 5785 τῆς
1752 5717 2032 5781 πίστεως.
2073 5716 2151 5775 Οὐ
2184 5718 2366 5777 τοίνυν
2426 5720 2774 5795 ὲνδελόμενον
2805 5725 2865 5780 οὐ
2895 5725 2941 5780 δ’
2967 5727 3189 5796 εὔλογον
3213 5729 3303 5784 ἐπ’
3355 5730 3634 5803 ἀναιρέσει
3668 5728 3784 5787 τῶν

521 5777 757 5849 εὐλογῶν
784 5778 1024 5865 δεδέσθαι
1055 5782 1221 5851 φάναι
1255 5782 1348 5838 τὸν
1372 5777 1555 5854 νόμον.
