4086 6456
440 380 580 448 1⁸735

1375 367 1437 426 S.
1478 362 1883 437 QUINTIANI
1921 358 2290 422 EPISCOPI.
2331 355 2731 418 ASCULANI.

3576 345 3719 414 1736

442 487 658 546 Etenim
710 477 977 552 expositio
1035 483 1124 529 tua
1199 485 1418 540 gravem
1481 470 1586 525 fert
1637 479 1825 524 contra
1881 469 2028 536 ipsos

2146 467 2245 527 τοῖς
2274 461 2618 524 ἀποστόλοις,
2659 462 2779 530 ἦτοι
2811 459 2923 520 τοῖς
2955 457 3134 526 ἁγίοις
3163 455 3436 530 Πατράσι.
3467 455 3583 510 Ka‘t
3613 453 3726 523 γὰρ

443 579 742 637 novitatem
799 568 1080 626 catholica:
1114 563 1392 620 Ecclesiae.
1439 562 1505 616 Et
1533 561 1749 631 quidem
1781 575 1888 614 non
1932 558 2033 612 ab-

442 671 622 745 iecisti
668 669 840 737 ipsam
867 703 883 728 ,
942 659 1129 714 multis
1160 655 1430 725 episc0pis
1469 652 1932 723 praemonentihus
1981 659 2034 704 lc

449 741 726 833 (maxime
758 753 1110 812 sanctissimo
1136 747 1545 816 archiepisc0po
1568 742 1782 813 Felice)
1822 743 1889 797 ab
1918 741 2032 810 ipsa

449 858 719 911 divertere
748 890 764 914 ,
799 857 855 903 et
887 860 1007 902 esse
1044 852 1251 898 rectum
1293 850 1348 894 et
1383 839 1742 893 orthodoxum
1797 833 2036 889 salubris

447 939 851 1016 praedicationis
892 943 1218 991 sectatorem
1259 949 1275 986 :
1315 931 1410 984 sed
1446 939 1598 985 certe
1631 934 1818 981 contra
1854 926 2034 979 haere-

448 1015 590 1092 sium
640 1031 928 1087 aﬂectator
962 1025 1137 1090 fuisti,
1175 1033 1229 1079 et
1256 1022 1514 1076 talentum
1546 1020 1746 1074 divina:
1773 1015 2037 1070 doctrinae

449 1129 505 1183 in
545 1137 746 1182 terram
781 1117 1136 1182 abscondisti,
1183 1125 1237 1170 et
1285 1131 1390 1168 non
1445 1114 1625 1181 potius
1657 1113 1830 1180 ipsttm
1867 1120 2036 1176 supra

451 1231 694 1272 mensam
723 1214 992 1284 projicere
1018 1207 1302 1270 censuisti,
1324 1203 1577 1259 videlicet
1607 1215 1796 1257 sanam
1826 1196 2035 1254 doctri-

453 1325 576 1363 nam
610 1309 663 1361 iu
707 1304 964 1360 cordibus
996 1301 1272 1354 hominum
1307 1297 1592 1359 inserere;
1635 1293 1730 1347 sed
1774 1306 1804 1346 e
1843 1299 2034 1344 contra

454 1399 662 1454 zizauia
695 1393 999 1452 seminasti.
1029 1392 1094 1445 Et
1120 1392 1244 1460 quis
1272 1389 1449 1443 adhuc
1481 1383 1776 1440 sustinebit
1810 1390 1882 1446 te,
1906 1395 2035 1448 per-

451 1498 754 1544 vertentem
774 1485 976 1540 Christi
996 1481 1380 1552 Evangelium?
1403 1479 1626 1533 Scilicet
1644 1491 1749 1530 non
1775 1473 2036 1544 pradicas

453 1599 621 1637 unum
650 1580 842 1634 Filium
878 1579 931 1631 iu
967 1579 1176 1631 duabus
1217 1573 1430 1628 naturis
1468 1571 1751 1625 Dominum
1789 1576 2034 1619 nostrum

452 1671 634 1726 Jesum
658 1670 961 1734 Christum,
996 1677 1048 1721 et
1079 1668 1222 1720 hunc
1244 1663 1592 1728 cruciﬁxum;
1621 1662 1712 1715 sed
1737 1660 1902 1713 Demn
1926 1655 2038 1709 for-

457 1771 586 1827 tem,
605 1760 994 1821 immortalem,
1013 1756 1267 1811 videlicet
1293 1769 1454 1808 unam
1475 1751 1762 1806 Trinitatis
1779 1750 2035 1803 substan-

2137 555 2360 626 βαρεῖαν
2388 552 2544 624 φέρει
2571 551 2692 605 κατ’
2716 549 2898 604 αὐτῶν
2925 550 3280 620 καινοτομίαν
3302 549 3401 619 τῆς
3424 545 3726 615 καθολικῆς

2148 643 2474 714 Ἐκκλησίας
2505 643 2539 712 ἡ
2567 641 2786 706 ἐκθεσίς
2814 659 2928 694 σου.
2961 641 3072 694 Καὶ
3097 640 3348 711 μέντοιγε
3371 638 3472 691 οὐκ
3503 637 3728 691 ἀπείπω

2132 735 2372 806 ταύτην,
2431 731 2646 787 πολλῶν
2702 733 3022 786 ἐπισκόπων
3084 729 3558 801 ύπομεμνηκότων
3623 743 3722 791 σε,

2138 827 2374 899 μάλιστα
2398 824 2494 878 τοῦ
2537 823 2846 893 ἁγιωτάτου
2874 822 3312 894 ἀρχιεπισκόπου
3339 820 3595 889 Φήλικος,
3627 814 3726 870 τοῦ

2135 919 2342 989 ταύτην
2390 915 2810 988 ἀποστραφῆναι
2852 932 2912 968 σε
2941 956 2955 979 ,
2991 914 3088 968 καὶ
3125 913 3259 984 εὐθῆ
3298 912 3393 966 καὶ
3427 910 3726 983 ὀρθότομον

2135 1009 2277 1066 εἶναι
2309 1011 2405 1066 τοῦ
2452 1011 2721 1082 σωτηρίου
2775 1009 3160 1082 κηρύγματοςυ
3191 1007 3308 1062 ἀλλ’
3339 1003 3433 1061 οῦν
3477 1024 3541 1076 γε
3578 1007 3731 1060 ἀντι-

2137 1103 2465 1175 ποιούμενος
2483 1103 2771 1174 αἱρέσεων,
2797 1101 2856 1154 τὸ
2871 1102 2969 1169 τῆς
2991 1098 3143 1164 θείας
3163 1099 3514 1162 διδασκαλίας
3531 1098 3730 1152 τάλαν-

2136 1214 2230 1250 τον
2259 1193 2568 1266 ἀπεκρύψω
2595 1195 2675 1257 είς
2699 1193 2799 1266 τὴν
2819 1194 2946 1264 γῆν,
2969 1195 3066 1246 καὶ
3092 1194 3154 1246 ού
3181 1192 3382 1264 μᾶλλον
3405 1192 3564 1246 τοῦτο
3592 1209 3732 1263 προ-

2139 1287 2436 1342 ϐάλλεσθαι
2468 1287 2561 1340 ἐπὶ
2588 1285 2872 1357 τράπεζαν
2901 1281 3074 1350 εἴξας,
3104 1279 3216 1338 οἷον
3246 1286 3305 1337 ὲν
3335 1286 3453 1347 ταῖς
3485 1284 3595 1336 τῶν
3627 1285 3732 1336 ἀν-

2139 1383 2378 1455 θρώπων
2407 1381 2663 1454 καρδίαις
2695 1381 2798 1452 τὴν
2823 1380 2953 1450 ὑγιῆ
2986 1380 3357 1434 διδασκαλίαν.
3402 1379 3566 1432 ’Λλλὰ
3600 1379 3734 1432 τούο

2139 1474 2355 1527 ναντίον
2384 1473 2600 1537 ζιζάνια
2631 1471 2917 1542 ἔσπειρας.
2949 1470 3094 1542 (Καὶ
3124 1470 3207 1535 τίς
3241 1470 3323 1523 ἐτι
3349 1469 3599 1534 ἀνέξεταί
3632 1486 3731 1522 σου

2137 1565 2559 1634 διαστρέφοντος
2600 1563 2662 1617 τὸ
2690 1562 2784 1616 τοῦ
2816 1561 3058 1633 Χριστοῦ
3094 1561 3492 1631 Εύαγγέλιονς)
3529 1561 3603 1613 Οὐ
3636 1560 3733 1612 τὸν

2138 1661 2198 1713 ὲν
2225 1658 2317 1712 δύο
2360 1658 2587 1727 φύσεσιν
2629 1656 2728 1710 ἕνα
2757 1657 2910 1720 Υἰὸν,
2941 1656 3033 1709 τὸν
3070 1654 3278 1726 Κύριον
3321 1653 3480 1724 ἡμῶν
3521 1651 3734 1722 Ἰησοῦν

2139 1750 2398 1820 Χριστὸν,
2431 1750 2620 1803 τοῦτον
2649 1748 2944 1821 κηρύσσων
2982 1750 3435 1820 ἐσταυρωμένον,
3471 1749 3610 1804 ἀλλὰ
3639 1750 3734 1803 τὸν

456 1854 588 1907 tiam
617 1854 752 1906 dicis
785 1851 1106 1906 cruciﬁxam
1137 1866 1150 1901 :
1182 1857 1238 1901 et
1271 1862 1376 1900 non
1417 1845 1613 1906 solum,
1653 1843 1746 1897 sed
1786 1851 1837 1896 et
1875 1855 2036 1894 unam

2146 1819 2278 1895 Θεὸν
2308 1842 2400 1894 τὸν
2435 1841 2678 1913 ἰσχυρὸν,
2710 1819 2803 1894 τὸν
2847 1839 3140 1903 ἀθάνατον,
3163 1819 3281 1895 οἷον
3319 1839 3419 1912 τὴν
3457 1840 3588 1912 μίαν
3629 1841 3738 1912 τῆς

455 1956 707 2002 naturam
747 1943 839 1998 Dei
870 1943 1034 1998 Verbi
1065 1951 1118 1996 et
1141 1940 1322 1995 carnis
1350 1938 1508 1992 dicis.
1535 1935 1600 1990 Et
1625 1937 1669 1990 si
1703 1949 1809 1989 una
1846 1943 2036 1987 natura

457 2038 550 2093 Dei
581 2036 740 2090 Verbi
769 2044 825 2089 et
854 2035 1036 2088 carnis
1069 2041 1174 2100 est,
1206 2046 1308 2084 una
1347 2039 1526 2084 autem
1571 2039 1761 2080 natura
1814 2025 1906 2078 Dei
1941 2023 2042 2077 Pa-

460 2131 560 2184 tris
593 2140 648 2183 et
689 2126 871 2192 Verbi,
905 2127 1180 2195 quomodo
1207 2138 1311 2178 non
1344 2137 1446 2176 una
1470 2130 1524 2176 et
1565 2121 1679 2188 ipsa
1713 2130 1903 2172 natura
1939 2117 2043 2171 Pa-

459 2222 559 2276 tris
586 2227 640 2274 et
672 2218 918 2289 corporis
948 2225 1002 2271 et
1031 2215 1237 2270 Verbi?
1269 2214 1325 2268 Si
1357 2222 1537 2268 autem
1567 2226 1672 2264 non
1710 2225 1815 2265 una
1846 2219 2041 2262 natura

459 2315 555 2370 Dei
590 2314 788 2376 Patris,
821 2321 877 2366 et
905 2311 1090 2366 carnis
1132 2308 1403 2373 humanae,
1434 2312 1490 2359 et
1535 2301 1694 2357 Verbi
1726 2317 1742 2354 :
1779 2301 1866 2355 dic
1908 2313 2044 2370 quo-

460 2407 624 2462 modo
645 2419 749 2458 una
777 2413 973 2458 natura
1002 2399 1164 2456 Verbi
1191 2407 1246 2452 et
1272 2395 1500 2452 carnis?
1527 2392 1810 2459 Quomodo
1837 2401 2040 2456 creata,

460 2506 515 2551 et
542 2498 842 2551 iucreatum
868 2505 894 2534 ι
917 2531 934 2556 ,
963 2506 1068 2545 una
1103 2500 1302 2543 natura
1332 2487 1464 2542 est?
1495 2485 1554 2540 Si
1592 2494 1773 2540 autem
1805 2483 1910 2537 hoc
1936 2483 2041 2536 im-

462 2588 720 2658 possibile
749 2594 856 2653 est,
890 2583 1164 2654 quomodo
1204 2596 1333 2637 caro
1375 2590 1431 2635 et
1469 2578 1772 2633 increatum
1805 2575 2042 2630 Verbum

461 2695 570 2733 una
612 2687 803 2732 natura
832 2715 847 2742 ,
898 2686 956 2730 et
1009 2689 1116 2729 non
1177 2674 1296 2728 dua:
1327 2668 1716 2727 commutata?
1753 2667 1811 2722 Si
1863 2677 2042 2721 autem

461 2768 623 2822 unius
655 2777 862 2819 naturae
895 2774 980 2818 est
1009 2763 1261 2818 Christus
1287 2801 1304 2829 ,
1337 2771 1392 2818 et
1436 2776 1542 2816 non
1574 2760 1800 2814 duarum
1829 2771 1844 2810 :
1877 2769 2046 2826 quare

463 2874 570 2914 non
625 2859 762 2913 dicis
797 2857 1074 2912 Christum
1112 2864 1378 2918 creatum,
1409 2852 1550 2908 sicut
1600 2849 1786 2915 Arius,
1841 2848 1923 2902 vel
1963 2849 2044 2902 in-

462 2961 749 3015 creatum,
807 2952 949 3004 sicut
986 2945 1360 3002 Manichmus?
1405 2944 1508 3001 Ubi
1539 2953 1719 2997 autent
1765 2951 1850 2996 est
1909 2949 2046 2994 tem-

462 3042 665 3111 poralis
695 3041 894 3096 Christi
926 3039 1294 3111 generationis
1337 3047 1532 3091 natura
1561 3074 1578 3099 ,
1628 3045 1684 3090 et
1741 3032 2046 3088 divinitatis

2141 1935 2371 2007 Τριάδος
2391 1935 2606 2002 οὐσίαν,
2626 1932 2856 2002 φάσκων
2878 1934 3318 2004 ἐσταυρωμένον·
3339 1935 3434 1989 καὶ
3456 1935 3517 1988 οὐ
3546 1934 3735 2005 μόνον,

2140 2029 2279 2083 ἀλλὰ
2305 2045 2371 2098 γε
2417 2028 2513 2081 καὶ
2543 2029 2637 2082 τοῦ
2669 2027 2807 2081 Θεοῦ
2851 2028 3028 2096 Λόγου
3073 2027 3234 2096 φύσιν
3288 2025 3418 2097 μίαν
3441 2065 3457 2092 ,
3493 2027 3586 2081 καὶ
3630 2027 3738 2096 τῆς

2143 2120 2350 2190 σαρκὸς
2382 2120 2509 2189 φής.
2551 2119 2665 2173 Kal.
2695 2121 2744 2172 εἰ
2786 2119 2886 2190 μία
2919 2117 3082 2188 φύσις
3117 2116 3214 2172 τοῦ
3250 2117 3388 2172 Θεοῦ
3423 2119 3600 2187 Λόγου
3630 2120 3738 2190 τῆς

2144 2211 2367 2282 σαρκὸς,
2405 2211 2505 2281 μία
2533 2209 2591 2263 δὲ
2627 2211 2791 2281 φύσις
2820 2209 2914 2264 τοῦ
2945 2209 3081 2262 Θεοῦ
3115 2210 3346 2282 Πατρὸς,
3381 2211 3596 2265 καὶτοῦ
3627 2211 3737 2265 Λό-

2143 2319 2262 2372 γου,
2297 2301 2414 2364 πῶς
2443 2303 2504 2356 οὐ
2546 2301 2668 2372 μία,
2704 2303 2800 2355 καὶ
2827 2303 2862 2374 η
2889 2301 3029 2371 αὐτῆ
3059 2300 3220 2370 φύσις
3249 2299 3344 2354 τοῦ
3373 2301 3605 2372 Πατρὸς,
3639 2303 3742 2354 καὶ

2143 2393 2238 2449 τοῦ
2275 2393 2528 2463 σώματος
2551 2434 2565 2460 ,
2597 2395 2693 2446 καὶ
2729 2393 2823 2447 τοῦ
2871 2393 3082 2461 Λόγους
3131 2393 3194 2447 El
3231 2393 3290 2448 δὲ
3323 2393 3385 2446 οὐ
3421 2393 3520 2464 μία
3570 2393 3744 2461 φύσις

2144 2485 2280 2540 Θεοῦ
2309 2488 2405 2539 καὶ
2442 2485 2680 2556 Πατρὸς,
2718 2486 2813 2539 καὶ
2856 2485 3063 2557 σαρκὸς
3091 2484 3463 2557 ἀνθρωπείας,
3499 2486 3595 2539 καὶ
3636 2484 3738 2537 τοῦ

2145 2579 2347 2647 Λόγου,
2377 2578 2586 2650 φράσον
2622 2577 2741 2642 πῶς
2789 2579 2889 2649 μία
2924 2577 3084 2648 φύσις
3122 2577 3218 2632 τοῦ
3263 2577 3462 2645 Λόγου,
3500 2579 3596 2631 καὶ
3635 2577 3746 2646 τῆς

2149 2673 2393 2742 σαρκός;
2430 2673 2556 2736 Πῶς
2597 2673 2708 2744 γὰρ
2737 2673 2931 2743 κτιστὴ
2967 2672 3063 2726 καὶ⁵
3107 2673 3365 2735 ἄκτιστος
3401 2671 3501 2743 μία
3535 2672 3740 2742 φύσιςς

2145 2763 2208 2816 El
2248 2763 2306 2815 δὲ
2353 2763 2516 2816 τοῦτο
2569 2765 2858 2830 ἀδύνατον,
2909 2765 3027 2827 πῶς
3066 2766 3100 2836 ή
3149 2765 3343 2835 κτιστὴ
3378 2764 3536 2835 σὰρξ,
3570 2765 3664 2818 καὶ
3708 2765 3744 2818 ὁ

2144 2855 2401 2918 ἄκτιστος
2423 2855 2618 2924 Λόγος,
2647 2856 2745 2926 μία
2772 2855 2956 2926 φύσις,
2980 2857 3072 2909 καὶ⁵
3095 2857 3154 2909 οὐ
3177 2857 3270 2909 δύο
3298 2856 3741 2928 ὲνηλλαγμέναι;

2146 2947 2209 3000 El
2235 2947 2293 3001 δὲ
2325 2945 2544 3017 φύσεως
2570 2949 2700 3018 μιᾶς
2728 2949 2879 3002 ἔστιν
2909 2952 2937 3004 6
2967 2948 3224 3021 Χριστὸς,
3252 2950 3350 3002 καὶ
3374 2950 3436 3002 οὐ
3463 2949 3577 3015 δύο,
3601 2949 3656 3002 τί
3675 2951 3744 3004 οὗ

2145 3039 2326 3108 λέγεις
2363 3041 2456 3094 τὸν
2493 3041 2732 3110 Χριστὸν
2761 3041 3016 3104 κτιστὸν,
3063 3041 3139 3104 ὡς
3177 3042 3205 3094 6
3240 3042 3477 3112 Ἀρειος,
3512 3042 3546 3113 ἢ
3582 3042 3750 3096 ἄκτι-

463 3135 632 3203 ipsius
666 3141 868 3188 aeterna
905 3131 1223 3201 generatio?
1271 3131 1358 3184 uhi
1391 3139 1443 3183 et
1476 3128 1640 3193 illud,
1681 3125 1854 3180 Hodie
1889 3124 2043 3193 genui

2153 3147 2299 3194 στον,
2333 3131 2408 3194 ὡς
2434 3132 2463 3184 6
2487 3133 2818 3202 Μανιχαῖος;
2849 3131 2960 3185 Ποῦ
2982 3132 3040 3186 δὲ
3061 3132 3157 3186 καὶ
3181 3135 3214 3204 ὴ
3239 3133 3469 3205 χρονικὴ
3498 3133 3747 3204 Χριστοῦ

460 3234 511 3278 te
533 3225 549 3255 ¹
576 3224 600 3278 ?
635 3234 691 3278 et
725 3224 852 3278 illud
877 3262 892 3288 ,
918 3222 1074 3277 Jesus
1105 3222 1348 3277 Christus
1376 3221 1490 3276 lteri
1525 3229 1574 3272 et
1606 3220 1792 3284 hodie,
1831 3217 1942 3286 ipse
1975 3227 2043 3269 est

2153 3225 2463 3293 γεννήσεως
2503 3222 2695 3292 φύσις,
2727 3225 2822 3277 καὶ
2851 3226 2885 3295 ὴ
2918 3224 3017 3294 τῆς
3053 3223 3308 3295 θεότητος
3347 3225 3513 3279 αὐτοῦ
3545 3243 3752 3298 προαι-

459 3326 508 3368 et
541 3316 596 3369 in
633 3314 906 3370 sweula’?
931 3312 1215 3379 Quomodo
1246 3322 1426 3367 autem
1456 3321 1512 3365 et
1539 3309 1675 3364 dicis
1699 3348 1715 3375 ,
1746 3317 1873 3362 ante
1899 3307 2055 3361 unio-

461 3422 585 3460 nem
619 3404 788 3461 Verbi
820 3405 914 3458 Dei
938 3416 994 3458 et
1025 3405 1229 3468 carnis,
1259 3406 1378 3458 duae
1401 3402 1454 3468 δ,
1482 3403 1565 3456 vel
1593 3412 1616 3440 ο
1661 3412 1787 3456 ante
1816 3400 1916 3453 fuit
1961 3413 2053 3454 se.

461 3497 701 3550 cundum
735 3494 1149 3549 subsistentiam
1183 3509 1250 3547 ex
1285 3491 1505 3564 Virgine
1533 3492 1702 3546 ιιιιὶοἳ
1745 3489 1958 3545 Etenim
2006 3488 2050 3544 si

460 3595 548 3640 est
581 3584 789 3639 Christi
819 3599 950 3638 caro
984 3595 1112 3639 ante
1143 3583 1395 3646 Mariam,
1443 3584 1746 3639 secundum
1778 3580 2051 3636 Valentini

459 3677 689 3746 impium
747 3689 1094 3741 sermonem,
1151 3676 1425 3746 quomodo
1486 3675 1606 3728 duae
1654 3683 1780 3728 ante
1832 3671 2054 3726 fuerunt

462 3779 674 3824 natura;
721 3775 849 3821 aute
896 3765 1176 3818 Mariam?
1219 3764 1387 3835 Cujus
1444 3775 1624 3818 autem
1676 3773 1763 3819 est
1806 3763 1918 3832 ipsa
1951 3777 2050 3817 ex-

461 3856 718 3930 pressio?
747 3872 849 3911 ιιοιι
873 3854 902 3896 ἀ
951 3855 1233 3927 Eutychis,
1270 3855 1442 3926 magis
1486 3855 1712 3928 Atychis
1741 3865 1787 3920 ο,
1817 3870 1881 3909 ex
1915 3856 2051 3909 dua-

461 3948 564 4002 bus
585 3947 776 4002 dicere
808 3962 972 4002 unam
1028 3956 1277 4002 naturam
1326 3948 1532 4004 factam
1579 3949 1794 4004 fuisse?
1841 3949 1898 4005 Si
1943 3949 2047 4004 ista

463 4047 642 4094 autem
682 4054 805 4094 cum
839 4040 933 4094 illo
967 4039 1132 4109 sapis,
1165 4043 1440 4110 quomodo
1471 4042 1644 4111 ipsum
1676 4041 1868 4110 abjicis
1891 4080 1907 4107 ,
1955 4042 2048 4110 qui

463 4131 634 4200 ipsius
671 4131 869 4201 recipis
918 4134 1186 4202 pessimas
1234 4131 1660 4189 innovationes?
1688 4133 1845 4200 Quod
1893 4133 1940 4188 si
1993 4134 2045 4184 in

462 4219 695 4272 veritate
728 4218 832 4273 hoc
863 4218 1066 4273 factum
1097 4231 1201 4288 est,
1245 4230 1464 4276 sanctos
1491 4230 1677 4291 patres
1712 4223 1764 4275 in
1801 4219 2041 4275 Chalce-

462 4308 608 4364 done
637 4317 828 4364 contra
865 4310 1040 4380 ipsum
1082 4310 1367 4367 habuisses
1415 4322 1567 4367 certe
1618 4321 1894 4382 acceptos.
1950 4309 2047 4366 Dic

463 4410 838 4456 verumtamen
869 4401 1003 4456 mihi
1027 4441 1044 4468 ,
1096 4403 1370 4472 quomodo
1403 4403 1580 4456 uniter
1595 4401 1755 4456 Pater
1796 4411 1851 4456 et
1875 4401 2044 4457 Filius

2151 3313 2313 3377 ὠνιος
2356 3314 2649 3384 γέννησις;
2689 3314 2803 3368 Ποῦ
2829 3314 2890 3368 τὸ
2909 3356 2924 3381 ,
2955 3316 3230 3385 Σήμερον
3258 3316 3595 3387 γεγέννηκά
3629 3333 3708 3374 σε
3726 3337 3750 3384 ;

2152 3404 2248 3456 καὶ
2272 3405 2354 3467 τὸ,
2379 3403 2485 3458 Ἐκ
2508 3405 2769 3474 γαστρὸς
2796 3406 2911 3474 πρὸ
2936 3406 3250 3476 ἑωσφόρον
3277 3409 3608 3479 γεγεννηκά
3633 3427 3709 3465 σε
3723 3428 3750 3478 ;

2153 3496 2250 3550 καὶ
2282 3495 2364 3559 τὸ,
2404 3495 2648 3564 Ἰησοῦς
2679 3498 2935 3565 Χριστὸς
2966 3498 3109 3567 χθὲς
3139 3500 3238 3556 καὶ
3273 3501 3541 3571 σήμερον
3574 3505 3609 3557 ό
3636 3507 3753 3558 αὐ·

2150 3584 2275 3650 τὸς,
2307 3584 2405 3639 καί
2434 3589 2522 3653 εις
2546 3586 2686 3653 τοὺς
2725 3586 2986 3653 αἰῶνας;
3020 3591 3144 3653 Πῶς
3171 3589 3227 3643 δὲ
3258 3593 3354 3646 καὶ
3383 3592 3595 3662 λέγεις;
3630 3595 3749 3666 πρὸ

2151 3678 2251 3750 τῆς
2283 3677 2530 3742 ἑνώσεως
2567 3677 2660 3731 τοῦ
2693 3678 2832 3732 Θεοῦ
2875 3680 3074 3750 Λόγου,
3110 3679 3204 3736 καὶ
3233 3683 3335 3755 τῆς
3369 3686 3592 3757 σαρκὸς,
3624 3687 3746 3754 δύο,

2151 3770 2185 3842 ἢ
2214 3771 2540 3841 πρῦπῆρχεν
2567 3772 2599 3842 ἡ
2625 3773 2749 3826 κατ’
2767 3772 2960 3824 οὐσίαν
2985 3775 3052 3827 ἐκ
3080 3774 3358 3845 Παρθένου
3391 3776 3586 3842 ἕνωσις
3606 3795 3622 3844 ;
3645 3781 3747 3834 uel.

2149 3862 2260 3934 γὰρ
2290 3864 2340 3916 εἰ
2364 3862 2713 3933 προῦπάρχει
2744 3864 2776 3934 ή
2805 3863 2900 3916 τοῦ
2929 3864 3166 3935 Χριστοῦ
3196 3867 3336 3940 σὰρξ
3366 3869 3472 3940 πρὸ
3498 3870 3745 3942 Μαρίας,

2149 3957 2292 4011 κατὰ
2331 3955 2420 4010 τὸν
2447 3956 2806 4010 Οὐαλεντίνου
2839 3958 3010 4030 ἀσεϐῆ
3047 3959 3229 4028 λόγον,
3259 3963 3380 4027 πῶς
3410 3963 3506 4018 δύο
3525 3969 3748 4036 προῦπε-

2147 4049 2319 4118 ἦρχον
2378 4048 2576 4118 φύσεις
2638 4049 2746 4118 πρὸ
2783 4050 3038 4122 Μαρίας;
3086 4053 3246 4118 Τίνος
3279 4054 3336 4109 δὲ
3381 4057 3476 4110 καὶ
3516 4057 3659 4130 αῦτη
3707 4060 3746 4129 ἡ

2149 4139 2441 4212 ἐκφρασιςς
2488 4139 2612 4211 οὐχὶ
2641 4141 2951 4213 Εὐτυχοῦς,
2985 4145 3081 4198 τοῦ
3113 4146 3318 4216 μᾶλλον
3351 4147 3611 4219 Ἀτυχοῦς
3633 4189 3648 4214 ,
3680 4151 3747 4205 τὸ

2147 4231 2214 4284 ὲκ
2242 4230 2335 4284 δύο
2367 4229 2551 4300 λέγειν
2585 4231 2806 4301 φύσεων
2833 4233 2965 4306 μίαν
2994 4237 3330 4307 γεγενῆσθαι
3362 4238 3561 4308 φύσιν;
3590 4241 3654 4295 El
3681 4241 3746 4296 δὲ

2144 4323 2319 4376 ταύτὰ
2345 4323 2540 4394 ἐκείνῳ
2570 4328 2787 4394 φρονεῖς
2808 4365 2823 4389 ,
2866 4326 2985 4391 πῶς
3024 4328 3216 4382 τοῦτον
3247 4331 3531 4404 ἀποϐάλλῃ
3551 4373 3568 4401 ,
3611 4336 3642 4388 6
3672 4336 3746 4389 τὰ

2147 4413 2316 4468 αὐτοῦ
2362 4416 2807 4488 παραδεχόμενος
2849 4419 3092 4474 κάκιστα
3135 4422 3506 4494 καινίσματα;
3560 4425 3746 4500 Ὅπερ

463 4501 519 4546 et
550 4491 785 4562 Spiritus
821 4497 1046 4549 sanctus
1080 4495 1278 4548 dicitur
1310 4493 1568 4559 Trinitas,
1607 4492 1753 4547 solus
1775 4493 2043 4549 exsistens

2151 4503 2239 4557 ἐπ’
2266 4503 2525 4576 ἀληθείας
2568 4523 2652 4559 σοι
2699 4507 2858 4560 τοῦτο
2907 4509 3196 4582 πέπρακτο
3237 4491 3340 4577 ἂν,
3371 4515 3422 4567 εί
3453 4491 3582 4580 τοὺς
3619 4491 3746 4572 κατ’

464 4583 629 4651 Deus,
659 4586 702 4640 si
733 4601 840 4640 non
867 4587 1102 4656 suscipis
1136 4587 1319 4641 dicere
1355 4586 1408 4639 in
1437 4600 1547 4639 uno
1575 4584 1684 4638 [ilio
1724 4586 1861 4642 duas
1887 4598 2050 4643 natu-

466 4677 601 4732 ras?
629 4678 694 4731 Et
728 4678 774 4732 si
808 4678 1052 4732 Trinitas
1085 4693 1223 4732 unus
1265 4678 1404 4731 Deus
1449 4683 1551 4740 est,
1584 4679 1853 4745 quomodo
1883 4680 2048 4750 Deus,

465 4778 522 4824 et
549 4785 747 4841 corpus
781 4781 1028 4825 nostrum
1060 4769 1160 4838 ipsi
1190 4771 1423 4834 unitum,
1454 4783 1559 4822 non
1585 4770 1744 4824 debet
1770 4772 1876 4826 dici
1913 4789 2050 4832 unus

468 4861 642 4916 Filius
669 4861 722 4914 in
769 4862 980 4915 duabus
1029 4859 1290 4913 naturis?
1324 4859 1381 4913 Si
1435 4870 1613 4914 autem
1668 4877 1772 4917 una
1831 4875 2048 4934 natura,

467 4954 612 5008 Deus
660 4951 891 5008 Verbum
931 4961 986 5006 et
1022 4965 1181 5017 caro;
1227 4952 1310 5006 vel
1345 4960 1604 5006 mutatum
1656 4963 1741 5010 est
1789 4955 2046 5025 Verbum,

467 5046 553 5100 vel
585 5059 731 5100 caro.
779 5045 845 5098 Et
883 5045 927 5098 si
985 5057 1117 5096 caro
1176 5053 1406 5109 mutata,
1452 5044 1592 5098 facta
1633 5044 1738 5100 fuit
1791 5045 2046 5115 Verbum,

471 5152 579 5192 non
617 5139 721 5192 erit
769 5137 999 5206 amplius
1048 5150 1194 5190 caro.
1239 5137 1295 5191 Si
1355 5149 1534 5193 autem
1574 5139 1692 5194 istis
1747 5155 1852 5195 non
1906 5140 2051 5196 facta

471 5237 555 5282 est
594 5228 847 5290 mutatio,
882 5225 1153 5294 quomodo
1185 5226 1237 5279 in
1271 5225 1491 5281 Christo
1521 5243 1627 5281 non
1659 5239 1788 5282 sunt
1810 5230 1930 5284 dum
1961 5246 2052 5284 na-

473 5318 650 5374 turae?
682 5318 824 5372 Caro
850 5319 995 5372 enim
1027 5333 1156 5372 caro
1183 5327 1287 5384 est,
1323 5335 1630 5387 quanquam
1657 5320 1730 5373 sit
1759 5319 1852 5374 Dei
1879 5336 2008 5375 caro
2033 5337 2048 5375 :

471 5417 530 5465 et
562 5408 802 5464 Verbum
831 5448 848 5476 ,
895 5407 1130 5463 Verbum
1161 5418 1245 5464 est
1268 5450 1282 5474 ,
1317 5411 1443 5466 licet
1483 5412 1777 5481 assumpsit
1802 5422 2048 5469 nostrum

538 5609 546 5613 -
587 5565 735 5623 Psal.
766 5583 828 5637 ιι,
860 5568 914 5623 7.
990 5567 1199 5639 ',llebr.
1250 5585 1374 5637 xm,
1408 5569 1463 5626 8.

542 5709 568 5737 α
590 5697 648 5755 ιιι
679 5699 887 5769 Graeco,
921 5705 1180 5762 increata.
1211 5707 1382 5764 llsao.

2157 4595 2324 4650 αὑτοῦ
2366 4596 2559 4666 ἁγίους
2603 4597 2855 4670 Πατέρας
2881 4639 2896 4664 ,
2937 4603 3064 4664 τοὺς
3099 4604 3156 4655 ὲν
3207 4603 3549 4677 Χαλκηδόνι,
3593 4604 3748 4679 εἶχες

2154 4688 2398 4752 δεκτούς.
2458 4689 2605 4760 Πλὴν
2665 4692 2875 4762 φράσον
2937 4710 3052 4764 μοι,
3118 4696 3233 4758 πῶς
3282 4700 3564 4768 ἡνωμένος
3622 4699 3744 4772 (to.

2156 4780 2478 4852 ήνωμένως]
2500 4781 2528 4834 6
2553 4783 2762 4854 Πατὴρ,
2785 4784 2879 4836 καὶ
2896 4787 2924 4838 6
2947 4785 3094 4850 Υἱὸς,
3114 4788 3286 4840 καὶτὸ
3307 4789 3464 4857 ἆγιον
3492 4791 3742 4862 Πνεῦμα,

2154 4873 2372 4940 λέγεται
2399 4873 2594 4944 Τριὰς,
2629 4875 2790 4944 μόνος
2815 4875 2890 4930 ὣν
2919 4877 3082 4942 Θεόςς
3115 4880 3148 4949 ἢ
3176 4881 3225 4932 εί
3259 4881 3318 4934 οὐ
3350 4883 3632 4956 παραδέχῃ
3657 4885 3746 4940 λέ-

2155 4979 2274 5032 γειν
2307 4966 2364 5017 ἐν
2391 4965 2471 5017 ὲν¹ι
2497 4965 2610 5036 Υίῷ
2641 4966 2736 5019 δύο
2766 4967 2982 5034 φύσειςο
3013 4972 3107 5023 καὶ
3135 4973 3185 5023 εξ
3213 4974 3245 5043 ὴ
3281 4973 3456 5044 Τριὰς
3483 4971 3562 5040 είς
3586 4976 3743 5040 Θεὸς,

2155 5055 2275 5119 πῶς
2306 5057 2334 5109 6
2362 5055 2495 5121 Θεὸς
2515 5097 2530 5121 ,
2579 5059 2673 5111 καὶ
2712 5059 2772 5111 τὸ
2816 5059 2972 5130 ἡμῶν
3004 5062 3164 5132 σῶμα
3203 5065 3353 5136 αὐτῷ
3389 5066 3612 5135 ἐνωθὲν,
3643 5070 3747 5123 οὐκ

2155 5146 2361 5216 ὀφείλει
2388 5147 2645 5216 λέγεσθαι
2668 5143 2747 5213 εἷς
2785 5150 2912 5214 Υἱὸς
2944 5152 3002 5204 ἐν
3029 5154 3151 5206 δυσὶ
3177 5155 3442 5224 φύσεσιν;
3483 5161 3532 5212 εί
3563 5161 3617 5213 δὲ
3647 5160 3748 5230 μία

2157 5239 2319 5308 φύσις
2349 5241 2377 5292 6
2405 5239 2538 5303 Θεὸς
2584 5241 2781 5308 Λόγος,
2816 5243 2913 5295 καὶ
2941 5245 2972 5314 ἡ
3011 5245 3169 5315 σὰρξ,
3200 5247 3360 5318 δῆλον
3393 5250 3476 5303 ὅτι
3511 5253 3751 5320 τραπεὶς

2158 5331 2186 5382 6
2211 5331 2383 5398 Λόγος
2417 5331 2515 5383 οὐκ
2541 5330 2622 5382 ἔτι
2649 5333 2732 5402 εἴη
2760 5333 2954 5400 Λόγος,
2979 5334 3116 5388 ἀλλὰ
3146 5338 3304 5409 σὰρξ.
3337 5341 3450 5392 Kal.
3475 5342 3524 5395 εί
3549 5345 3579 5412 ἠ
3607 5343 3752 5415 σὰρξ

2159 5426 2433 5491 τραπεῖσα
2477 5426 2672 5495 γέγονε
2704 5426 2879 5496 Λόγος
2903 5469 2916 5493 ,
2949 5431 3050 5483 οὐκ
3085 5431 3166 5485 ἔτι
3198 5432 3286 5505 εἴη
3329 5435 3486 5508 σάρξ.
3519 5437 3644 5493 Είδὲ
3689 5439 3753 5493 ὲν

1498 5707 2106 5808 adu-mn
2246 5729 2536 5808 antequam
2638 5737 2660 5766 ο
2687 5726 2816 5799 Pro,
2836 5729 2913 5786 vel
2929 5769 2944 5799 ,
2973 5731 3116 5792 forte
3137 5733 3362 5808 rectius,
3383 5752 3476 5797 att.
3499 5735 3678 5799 Ιίιιω.

470 5769 738 5856 fidelius,
764 5791 952 5835 nonne.
985 5777 1161 5835 “ABD.
1245 5791 1267 5820 ε
1291 5769 1566 5850 Eutychos
1605 5792 1761 5838 sonat
1785 5783 2043 5855 faustum,

2146 5769 2314 5859 γ’έιιὲἔ
2327 5769 2648 5863 um.
