  <div class='ocr_page' id='page_1' title='image "/cluster/home/n/w/nwhite01/storage/ocr_20150623/85/coo.31924054869866/876.png"; bbox 0 0 4086 6406; ppageno 0'>
   <div class='ocr_carea' id='block_1_1' title="bbox 298 381 432 444">
    <p class='ocr_par' dir='ltr' id='par_1_1' title="bbox 298 381 432 444">
     <span class='ocr_line' id='line_1_1' title="bbox 298 381 432 444; baseline -0.015 0"><span class='ocrx_word' id='word_1_1' title='bbox 298 381 432 444; x_wconf 78' lang='grc'><strong>1737</strong></span> 
     </span>
    </p>
   </div>
   <div class='ocr_carea' id='block_1_2' title="bbox 1600 373 2264 432">
    <p class='ocr_par' dir='ltr' id='par_1_2' title="bbox 1600 373 2264 432">
     <span class='ocr_line' id='line_1_2' title="bbox 1600 373 2264 432; baseline -0.002 -2"><span class='ocrx_word' id='word_1_2' title='bbox 1600 373 1907 432; x_wconf 70' lang='lat' dir='ltr'><strong>ANATHE</strong></span> <span class='ocrx_word' id='word_1_3' title='bbox 1919 373 2264 432; x_wconf 69' lang='lat' dir='ltr'><strong>MATISMI.</strong></span> 
     </span>
    </p>
   </div>
   <div class='ocr_carea' id='block_1_3' title="bbox 3462 373 3592 437">
    <p class='ocr_par' dir='ltr' id='par_1_3' title="bbox 3462 373 3592 437">
     <span class='ocr_line' id='line_1_3' title="bbox 3462 373 3592 437; baseline 0.015 -3"><span class='ocrx_word' id='word_1_4' title='bbox 3462 373 3592 437; x_wconf 67' lang='lat'><strong>1738</strong></span> 
     </span>
    </p>
   </div>
   <div class='ocr_carea' id='block_1_4' title="bbox 293 481 1907 560">
    <p class='ocr_par' dir='ltr' id='par_1_4' title="bbox 293 483 1889 560">
     <span class='ocr_line' id='line_1_4' title="bbox 293 483 1889 560; baseline -0.006 -15"><span class='ocrx_word' id='word_1_5' title='bbox 293 490 507 553; x_wconf 80' lang='grc' dir='ltr'><strong>τούτοις</strong></span> <span class='ocrx_word' id='word_1_6' title='bbox 539 490 600 542; x_wconf 82' lang='grc' dir='ltr'><strong>ού</strong></span> <span class='ocrx_word' id='word_1_7' title='bbox 631 489 822 558; x_wconf 81' lang='grc' dir='ltr'><strong>γέγονε</strong></span> <span class='ocrx_word' id='word_1_8' title='bbox 856 489 1064 560; x_wconf 81' lang='grc' dir='ltr'>τροπὴ,</span> <span class='ocrx_word' id='word_1_9' title='bbox 1100 489 1217 551; x_wconf 80' lang='grc' dir='ltr'>πῶς</span> <span class='ocrx_word' id='word_1_10' title='bbox 1252 487 1353 540; x_wconf 74' lang='grc' dir='ltr'>οὐκ</span> <span class='ocrx_word' id='word_1_11' title='bbox 1397 487 1538 538; x_wconf 75' lang='grc' dir='ltr'>εἰσὶν</span> <span class='ocrx_word' id='word_1_12' title='bbox 1566 487 1623 538; x_wconf 82' lang='grc' dir='ltr'><strong>ὲν</strong></span> <span class='ocrx_word' id='word_1_13' title='bbox 1669 483 1889 556; x_wconf 78' lang='grc' dir='ltr'>Χριστῷ</span> 
     </span>
    </p>
   </div>
   <div class='ocr_carea' id='block_1_5' title="bbox 1996 481 3593 560">
    <p class='ocr_par' dir='ltr' id='par_1_5' title="bbox 1997 481 3593 554">
     <span class='ocr_line' id='line_1_5' title="bbox 1997 481 3593 554; baseline 0.006 -18"><span class='ocrx_word' id='word_1_14' title='bbox 1997 496 2360 552; x_wconf 75' lang='lat' dir='ltr'><strong>assumptum.</strong></span> <span class='ocrx_word' id='word_1_15' title='bbox 2390 481 2443 538; x_wconf 99' lang='lat' dir='ltr'><strong>Si</strong></span> <span class='ocrx_word' id='word_1_16' title='bbox 2476 491 2656 539; x_wconf 88' lang='lat' dir='ltr'><strong>autem</strong></span> <span class='ocrx_word' id='word_1_17' title='bbox 2691 493 2898 540; x_wconf 83' lang='lat' dir='ltr'><strong>mutata</strong></span> <span class='ocrx_word' id='word_1_18' title='bbox 2927 492 3032 553; x_wconf 85' lang='lat' dir='ltr'><strong>est,</strong></span> <span class='ocrx_word' id='word_1_19' title='bbox 3060 486 3335 554; x_wconf 84' lang='lat' dir='ltr'><strong>quomodo</strong></span> <span class='ocrx_word' id='word_1_20' title='bbox 3377 504 3482 543; x_wconf 84' lang='lat' dir='ltr'><strong>non</strong></span> <span class='ocrx_word' id='word_1_21' title='bbox 3510 504 3593 546; x_wconf 86' lang='lat' dir='ltr'><strong>est</strong></span> 
     </span>
    </p>
   </div>
   <div class='ocr_carea' id='block_1_6' title="bbox 293 574 1892 652">
    <p class='ocr_par' dir='ltr' id='par_1_6' title="bbox 293 574 1892 652">
     <span class='ocr_line' id='line_1_6' title="bbox 293 574 1892 652; baseline -0.008 -16"><span class='ocrx_word' id='word_1_22' title='bbox 293 583 389 636; x_wconf 84' lang='grc' dir='ltr'>δύο</span> <span class='ocrx_word' id='word_1_23' title='bbox 445 581 675 650; x_wconf 84' lang='grc' dir='ltr'>φύσεις;</span> <span class='ocrx_word' id='word_1_24' title='bbox 736 581 800 633; x_wconf 86' lang='lat' dir='ltr'><strong>&#39;H</strong></span> <span class='ocrx_word' id='word_1_25' title='bbox 836 581 945 652; x_wconf 75' lang='grc' dir='ltr'><strong>γὰρ</strong></span> <span class='ocrx_word' id='word_1_26' title='bbox 984 579 1143 652; x_wconf 70' lang='grc' dir='ltr'>σὰρξ,</span> <span class='ocrx_word' id='word_1_27' title='bbox 1189 577 1328 648; x_wconf 80' lang='grc' dir='ltr'>σάρξ</span> <span class='ocrx_word' id='word_1_28' title='bbox 1369 579 1504 640; x_wconf 79' lang='grc' dir='ltr'>ἐστι,</span> <span class='ocrx_word' id='word_1_29' title='bbox 1542 576 1638 628; x_wconf 72' lang='grc' dir='ltr'>καὶ</span> <span class='ocrx_word' id='word_1_30' title='bbox 1681 577 1728 627; x_wconf 78' lang='grc' dir='ltr'>εἰ</span> <span class='ocrx_word' id='word_1_31' title='bbox 1777 574 1892 626; x_wconf 78' lang='grc' dir='ltr'>ἔστι</span> 
     </span>
    </p>
   </div>
   <div class='ocr_carea' id='block_1_7' title="bbox 293 667 1893 744">
    <p class='ocr_par' dir='ltr' id='par_1_7' title="bbox 293 667 1893 744">
     <span class='ocr_line' id='line_1_7' title="bbox 293 667 1893 744; baseline -0.006 -16"><span class='ocrx_word' id='word_1_32' title='bbox 293 675 427 728; x_wconf 75' lang='grc' dir='ltr'>Θεοῦ</span> <span class='ocrx_word' id='word_1_33' title='bbox 459 673 627 744; x_wconf 78' lang='grc' dir='ltr'>σάρξ·</span> <span class='ocrx_word' id='word_1_34' title='bbox 666 680 762 727; x_wconf 78' lang='grc' dir='ltr'><strong>καὶ</strong></span> <span class='ocrx_word' id='word_1_35' title='bbox 805 675 832 726; x_wconf 92' lang='lat'><strong>6</strong></span> <span class='ocrx_word' id='word_1_36' title='bbox 876 673 1049 740; x_wconf 87' lang='grc' dir='ltr'><strong>Λόγος</strong></span> <span class='ocrx_word' id='word_1_37' title='bbox 1082 674 1253 737; x_wconf 75' lang='grc' dir='ltr'>ἐστὶν,</span> <span class='ocrx_word' id='word_1_38' title='bbox 1299 670 1351 722; x_wconf 78' lang='grc' dir='ltr'>εἰ</span> <span class='ocrx_word' id='word_1_39' title='bbox 1397 670 1491 723; x_wconf 76' lang='grc' dir='ltr'><strong>καὶ</strong></span> <span class='ocrx_word' id='word_1_40' title='bbox 1527 668 1759 722; x_wconf 74' lang='grc' dir='ltr'>ἀνέλαϐε</span> <span class='ocrx_word' id='word_1_41' title='bbox 1793 667 1893 737; x_wconf 79' lang='grc' dir='ltr'>τὴν</span> 
     </span>
    </p>
   </div>
   <div class='ocr_carea' id='block_1_8' title="bbox 293 760 1895 837">
    <p class='ocr_par' dir='ltr' id='par_1_8' title="bbox 293 760 1895 837">
     <span class='ocr_line' id='line_1_8' title="bbox 293 760 1895 837; baseline -0.004 -19"><span class='ocrx_word' id='word_1_42' title='bbox 293 766 451 837; x_wconf 79' lang='grc' dir='ltr'>ἡμῶν</span> <span class='ocrx_word' id='word_1_43' title='bbox 478 766 810 836; x_wconf 63' lang='grc' dir='ltr'>πρόσληψιν.</span> <span class='ocrx_word' id='word_1_44' title='bbox 862 766 922 818; x_wconf 78' lang='grc' dir='ltr'><strong>Εἰ</strong></span> <span class='ocrx_word' id='word_1_45' title='bbox 953 766 1008 818; x_wconf 63' lang='lat' dir='ltr'><strong>ce</strong></span> <span class='ocrx_word' id='word_1_46' title='bbox 1047 766 1286 836; x_wconf 79' lang='grc' dir='ltr'>ἐτράπη.</span> <span class='ocrx_word' id='word_1_47' title='bbox 1321 763 1438 825; x_wconf 84' lang='grc' dir='ltr'><strong>πῶς</strong></span> <span class='ocrx_word' id='word_1_48' title='bbox 1478 762 1576 832; x_wconf 77' lang='grc' dir='ltr'>οὐχ</span> <span class='ocrx_word' id='word_1_49' title='bbox 1606 760 1895 830; x_wconf 81' lang='grc' dir='ltr'>όμοούσιος</span> 
     </span>
    </p>
   </div>
   <div class='ocr_carea' id='block_1_9' title="bbox 295 854 1893 930">
    <p class='ocr_par' dir='ltr' id='par_1_9' title="bbox 295 854 1893 930">
     <span class='ocr_line' id='line_1_9' title="bbox 295 854 1893 930; baseline -0.006 -17"><span class='ocrx_word' id='word_1_50' title='bbox 295 863 327 930; x_wconf 78' lang='grc' dir='ltr'>ἡ</span> <span class='ocrx_word' id='word_1_51' title='bbox 363 859 633 930; x_wconf 75' lang='grc' dir='ltr'>σὰρξ,καὶ</span> <span class='ocrx_word' id='word_1_52' title='bbox 658 858 931 918; x_wconf 78' lang='grc' dir='ltr'>συναῖδιος</span> <span class='ocrx_word' id='word_1_53' title='bbox 954 857 1031 928; x_wconf 82' lang='grc' dir='ltr'>τῷ</span> <span class='ocrx_word' id='word_1_54' title='bbox 1068 857 1277 927; x_wconf 68' lang='grc' dir='ltr'>Πατρὶ,</span> <span class='ocrx_word' id='word_1_55' title='bbox 1304 856 1427 909; x_wconf 76' lang='grc' dir='ltr'>καθ’</span> <span class='ocrx_word' id='word_1_56' title='bbox 1459 855 1486 906; x_wconf 84' lang='grc' dir='ltr'><strong>ὃ</strong></span> <span class='ocrx_word' id='word_1_57' title='bbox 1511 856 1603 907; x_wconf 75' lang='grc' dir='ltr'><strong>καὶ</strong></span> <span class='ocrx_word' id='word_1_58' title='bbox 1630 856 1656 906; x_wconf 91' lang='grc' dir='ltr'>ὀ</span> <span class='ocrx_word' id='word_1_59' title='bbox 1679 854 1852 920; x_wconf 70' lang='grc' dir='ltr'><strong>Λόγος</strong></span> <span class='ocrx_word' id='word_1_60' title='bbox 1881 866 1893 912; x_wconf 90' lang='grc'><strong>;</strong></span> 
     </span>
    </p>
   </div>
   <div class='ocr_carea' id='block_1_10' title="bbox 293 943 1894 1021">
    <p class='ocr_par' dir='ltr' id='par_1_10' title="bbox 293 943 1894 1021">
     <span class='ocr_line' id='line_1_10' title="bbox 293 943 1894 1021; baseline -0.006 -17"><span class='ocrx_word' id='word_1_61' title='bbox 293 952 356 1004; x_wconf 85' lang='grc' dir='ltr'><strong>Εἰ</strong></span> <span class='ocrx_word' id='word_1_62' title='bbox 405 951 463 1004; x_wconf 78' lang='grc' dir='ltr'><strong>δὲ</strong></span> <span class='ocrx_word' id='word_1_63' title='bbox 507 951 852 1021; x_wconf 81' lang='grc' dir='ltr'>ἑτεροούσιός</span> <span class='ocrx_word' id='word_1_64' title='bbox 887 952 1036 1003; x_wconf 80' lang='grc' dir='ltr'>ἐστιν</span> <span class='ocrx_word' id='word_1_65' title='bbox 1084 952 1116 1020; x_wconf 82' lang='grc' dir='ltr'>ἡ</span> <span class='ocrx_word' id='word_1_66' title='bbox 1162 948 1300 1018; x_wconf 61' lang='grc' dir='ltr'>σὰρξ</span> <span class='ocrx_word' id='word_1_67' title='bbox 1342 948 1420 1018; x_wconf 80' lang='grc' dir='ltr'>τῷ</span> <span class='ocrx_word' id='word_1_68' title='bbox 1457 947 1662 1016; x_wconf 75' lang='grc' dir='ltr'>Πατρὶ,</span> <span class='ocrx_word' id='word_1_69' title='bbox 1703 943 1894 997; x_wconf 80' lang='grc' dir='ltr'>καθότι</span> 
     </span>
    </p>
   </div>
   <div class='ocr_carea' id='block_1_11' title="bbox 293 1035 1895 1116">
    <p class='ocr_par' dir='ltr' id='par_1_11' title="bbox 293 1035 1895 1116">
     <span class='ocr_line' id='line_1_11' title="bbox 293 1035 1895 1116; baseline -0.006 -19"><span class='ocrx_word' id='word_1_70' title='bbox 293 1044 436 1116; x_wconf 79' lang='grc' dir='ltr'>αὕτη</span> <span class='ocrx_word' id='word_1_71' title='bbox 467 1046 569 1114; x_wconf 85' lang='grc' dir='ltr'>μὲν</span> <span class='ocrx_word' id='word_1_72' title='bbox 604 1044 921 1114; x_wconf 77' lang='grc' dir='ltr'><strong>πρόσφατος</strong></span> <span class='ocrx_word' id='word_1_73' title='bbox 945 1082 958 1104; x_wconf 91' lang='grc'><strong>,</strong></span> <span class='ocrx_word' id='word_1_74' title='bbox 992 1045 1019 1095; x_wconf 97' lang='lat'><strong>6</strong></span> <span class='ocrx_word' id='word_1_75' title='bbox 1048 1043 1104 1094; x_wconf 82' lang='grc' dir='ltr'><strong>δὲ</strong></span> <span class='ocrx_word' id='word_1_76' title='bbox 1136 1041 1327 1111; x_wconf 81' lang='grc' dir='ltr'>Πατὴρ</span> <span class='ocrx_word' id='word_1_77' title='bbox 1355 1041 1602 1110; x_wconf 74' lang='grc' dir='ltr'>ἅχρονος,</span> <span class='ocrx_word' id='word_1_78' title='bbox 1629 1036 1745 1098; x_wconf 81' lang='grc' dir='ltr'><strong>πῶς</strong></span> <span class='ocrx_word' id='word_1_79' title='bbox 1773 1035 1895 1104; x_wconf 71' lang='grc' dir='ltr'>οὐχὶ</span> 
     </span>
    </p>
   </div>
   <div class='ocr_carea' id='block_1_12' title="bbox 291 1127 1895 1206">
    <p class='ocr_par' dir='ltr' id='par_1_12' title="bbox 291 1127 1895 1206">
     <span class='ocr_line' id='line_1_12' title="bbox 291 1127 1895 1206; baseline -0.005 -18"><span class='ocrx_word' id='word_1_80' title='bbox 291 1135 610 1206; x_wconf 75' lang='grc' dir='ltr'><strong>πρόσφατος</strong></span> <span class='ocrx_word' id='word_1_81' title='bbox 650 1135 747 1188; x_wconf 79' lang='lat' dir='ltr'><strong>aca‘t</strong></span> <span class='ocrx_word' id='word_1_82' title='bbox 775 1136 803 1187; x_wconf 89' lang='lat'><strong>6</strong></span> <span class='ocrx_word' id='word_1_83' title='bbox 838 1134 1045 1200; x_wconf 76' lang='grc' dir='ltr'><strong>Λόγοςς</strong></span> <span class='ocrx_word' id='word_1_84' title='bbox 1078 1131 1212 1185; x_wconf 97' lang='grc' dir='ltr'>καθὸ</span> <span class='ocrx_word' id='word_1_85' title='bbox 1255 1131 1365 1202; x_wconf 80' lang='grc' dir='ltr'>γὰρ</span> <span class='ocrx_word' id='word_1_86' title='bbox 1396 1132 1525 1200; x_wconf 80' lang='grc' dir='ltr'>μίαν</span> <span class='ocrx_word' id='word_1_87' title='bbox 1556 1128 1695 1182; x_wconf 80' lang='grc' dir='ltr'>εἶναι</span> <span class='ocrx_word' id='word_1_88' title='bbox 1729 1127 1895 1196; x_wconf 87' lang='grc' dir='ltr'>φύσιν</span> 
     </span>
    </p>
   </div>
   <div class='ocr_carea' id='block_1_13' title="bbox 292 1222 1896 1302">
    <p class='ocr_par' dir='ltr' id='par_1_13' title="bbox 292 1222 1896 1302">
     <span class='ocr_line' id='line_1_13' title="bbox 292 1222 1896 1302; baseline -0.005 -20"><span class='ocrx_word' id='word_1_89' title='bbox 292 1233 392 1302; x_wconf 71' lang='grc' dir='ltr'><strong>τῆς</strong></span> <span class='ocrx_word' id='word_1_90' title='bbox 420 1229 621 1298; x_wconf 84' lang='grc' dir='ltr'>σαρκὸς</span> <span class='ocrx_word' id='word_1_91' title='bbox 651 1230 746 1281; x_wconf 76' lang='grc' dir='ltr'><strong>καὶ</strong></span> <span class='ocrx_word' id='word_1_92' title='bbox 795 1229 890 1281; x_wconf 84' lang='grc' dir='ltr'><strong>τοῦ</strong></span> <span class='ocrx_word' id='word_1_93' title='bbox 915 1226 1052 1280; x_wconf 76' lang='grc' dir='ltr'>Θεοῦ</span> <span class='ocrx_word' id='word_1_94' title='bbox 1074 1229 1247 1296; x_wconf 81' lang='grc' dir='ltr'><strong>Λόγου</strong></span> <span class='ocrx_word' id='word_1_95' title='bbox 1271 1227 1471 1294; x_wconf 77' lang='grc' dir='ltr'>λέγεις,</span> <span class='ocrx_word' id='word_1_96' title='bbox 1497 1225 1589 1278; x_wconf 73' lang='grc' dir='ltr'><strong>καὶ</strong></span> <span class='ocrx_word' id='word_1_97' title='bbox 1611 1223 1688 1292; x_wconf 81' lang='grc' dir='ltr'>τῷ</span> <span class='ocrx_word' id='word_1_98' title='bbox 1720 1222 1896 1292; x_wconf 79' lang='grc' dir='ltr'>Πατρὶ</span> 
     </span>
    </p>
   </div>
   <div class='ocr_carea' id='block_1_14' title="bbox 291 1314 1894 1392">
    <p class='ocr_par' dir='ltr' id='par_1_14' title="bbox 291 1314 1894 1392">
     <span class='ocr_line' id='line_1_14' title="bbox 291 1314 1894 1392; baseline -0.005 -17"><span class='ocrx_word' id='word_1_99' title='bbox 291 1323 638 1392; x_wconf 84' lang='grc' dir='ltr'>ὲτεροούσιον</span> <span class='ocrx_word' id='word_1_100' title='bbox 662 1321 824 1374; x_wconf 79' lang='grc' dir='ltr'>αὐτὸν</span> <span class='ocrx_word' id='word_1_101' title='bbox 850 1320 1052 1388; x_wconf 80' lang='grc' dir='ltr'>λέγεις.</span> <span class='ocrx_word' id='word_1_102' title='bbox 1080 1322 1142 1373; x_wconf 86' lang='grc' dir='ltr'><strong>Εἰ</strong></span> <span class='ocrx_word' id='word_1_103' title='bbox 1174 1320 1233 1373; x_wconf 84' lang='grc' dir='ltr'><strong>δὲ</strong></span> <span class='ocrx_word' id='word_1_104' title='bbox 1259 1321 1359 1388; x_wconf 77' lang='grc' dir='ltr'><strong>οὐχ</strong></span> <span class='ocrx_word' id='word_1_105' title='bbox 1382 1319 1416 1390; x_wconf 85' lang='grc' dir='ltr'>ἡ</span> <span class='ocrx_word' id='word_1_106' title='bbox 1446 1317 1584 1387; x_wconf 74' lang='grc' dir='ltr'>αὑτὴ</span> <span class='ocrx_word' id='word_1_107' title='bbox 1608 1317 1770 1384; x_wconf 88' lang='grc' dir='ltr'>φύσις</span> <span class='ocrx_word' id='word_1_108' title='bbox 1798 1314 1894 1368; x_wconf 86' lang='grc' dir='ltr'><strong>τοῦ</strong></span> 
     </span>
    </p>
   </div>
   <div class='ocr_carea' id='block_1_15' title="bbox 289 1407 1894 1480">
    <p class='ocr_par' dir='ltr' id='par_1_15' title="bbox 289 1407 1894 1480">
     <span class='ocr_line' id='line_1_15' title="bbox 289 1407 1894 1480; baseline -0.002 -18"><span class='ocrx_word' id='word_1_109' title='bbox 289 1410 428 1462; x_wconf 83' lang='grc' dir='ltr'>Θεοῦ</span> <span class='ocrx_word' id='word_1_110' title='bbox 468 1411 643 1478; x_wconf 78' lang='grc' dir='ltr'><strong>Λόγου</strong></span> <span class='ocrx_word' id='word_1_111' title='bbox 709 1411 802 1464; x_wconf 78' lang='grc' dir='ltr'><strong>καὶ</strong></span> <span class='ocrx_word' id='word_1_112' title='bbox 841 1409 942 1478; x_wconf 83' lang='grc' dir='ltr'><strong>τῆς</strong></span> <span class='ocrx_word' id='word_1_113' title='bbox 1005 1409 1231 1480; x_wconf 84' lang='grc' dir='ltr'>σαρκὸς,</span> <span class='ocrx_word' id='word_1_114' title='bbox 1269 1410 1389 1472; x_wconf 85' lang='grc' dir='ltr'><strong>πῶς</strong></span> <span class='ocrx_word' id='word_1_115' title='bbox 1429 1409 1529 1462; x_wconf 86' lang='grc' dir='ltr'><strong>ούκ</strong></span> <span class='ocrx_word' id='word_1_116' title='bbox 1567 1409 1672 1460; x_wconf 80' lang='grc' dir='ltr'>εἰσὶ</span> <span class='ocrx_word' id='word_1_117' title='bbox 1711 1407 1827 1472; x_wconf 85' lang='grc' dir='ltr'>δύο,</span> <span class='ocrx_word' id='word_1_118' title='bbox 1861 1409 1894 1477; x_wconf 83' lang='grc' dir='ltr'>ἡ</span> 
     </span>
    </p>
   </div>
   <div class='ocr_carea' id='block_1_16' title="bbox 291 1499 1898 1573">
    <p class='ocr_par' dir='ltr' id='par_1_16' title="bbox 291 1499 1898 1573">
     <span class='ocr_line' id='line_1_16' title="bbox 291 1499 1898 1573; baseline -0.002 -19"><span class='ocrx_word' id='word_1_119' title='bbox 291 1501 432 1572; x_wconf 78' lang='grc' dir='ltr'>σὰρξ</span> <span class='ocrx_word' id='word_1_120' title='bbox 482 1505 577 1555; x_wconf 73' lang='lat' dir='ltr'><strong>aca&#39;c</strong></span> <span class='ocrx_word' id='word_1_121' title='bbox 647 1504 676 1554; x_wconf 94' lang='lat'><strong>6</strong></span> <span class='ocrx_word' id='word_1_122' title='bbox 705 1501 912 1570; x_wconf 87' lang='grc' dir='ltr'><strong>Λόγος;</strong></span> <span class='ocrx_word' id='word_1_123' title='bbox 949 1501 1013 1555; x_wconf 88' lang='grc' dir='ltr'><strong>Εἰ</strong></span> <span class='ocrx_word' id='word_1_124' title='bbox 1047 1501 1105 1555; x_wconf 80' lang='grc' dir='ltr'><strong>δὲ</strong></span> <span class='ocrx_word' id='word_1_125' title='bbox 1149 1505 1301 1556; x_wconf 75' lang='grc' dir='ltr'>πᾶσα</span> <span class='ocrx_word' id='word_1_126' title='bbox 1336 1503 1368 1573; x_wconf 84' lang='grc' dir='ltr'>ὴ</span> <span class='ocrx_word' id='word_1_127' title='bbox 1407 1501 1596 1570; x_wconf 82' lang='grc' dir='ltr'>θεότης</span> <span class='ocrx_word' id='word_1_128' title='bbox 1628 1499 1766 1569; x_wconf 74' lang='grc' dir='ltr'>σὰρξ</span> <span class='ocrx_word' id='word_1_129' title='bbox 1804 1517 1898 1568; x_wconf 80' lang='grc' dir='ltr'><strong>γε·</strong></span> 
     </span>
    </p>
   </div>
   <div class='ocr_carea' id='block_1_17' title="bbox 289 1589 1896 1664">
    <p class='ocr_par' dir='ltr' id='par_1_17' title="bbox 289 1589 1896 1664">
     <span class='ocr_line' id='line_1_17' title="bbox 289 1589 1896 1664; baseline -0.002 -16"><span class='ocrx_word' id='word_1_130' title='bbox 289 1609 560 1664; x_wconf 81' lang='grc' dir='ltr'>γενηται,</span> <span class='ocrx_word' id='word_1_131' title='bbox 618 1594 738 1657; x_wconf 84' lang='grc' dir='ltr'><strong>πῶς</strong></span> <span class='ocrx_word' id='word_1_132' title='bbox 773 1593 990 1663; x_wconf 76' lang='grc' dir='ltr'><strong>ἔμεινεν</strong></span> <span class='ocrx_word' id='word_1_133' title='bbox 1040 1593 1070 1645; x_wconf 88' lang='grc' dir='ltr'><strong>ό</strong></span> <span class='ocrx_word' id='word_1_134' title='bbox 1119 1595 1293 1662; x_wconf 83' lang='grc' dir='ltr'><strong>Λόγος</strong></span> <span class='ocrx_word' id='word_1_135' title='bbox 1344 1594 1372 1646; x_wconf 85' lang='grc' dir='ltr'><strong>ὅ</strong></span> <span class='ocrx_word' id='word_1_136' title='bbox 1417 1589 1520 1664; x_wconf 52' lang='lat' dir='ltr'><strong>iv;</strong></span> <span class='ocrx_word' id='word_1_137' title='bbox 1563 1594 1680 1657; x_wconf 85' lang='grc' dir='ltr'>πῶς</span> <span class='ocrx_word' id='word_1_138' title='bbox 1713 1593 1770 1645; x_wconf 82' lang='grc' dir='ltr'><strong>δὲ</strong></span> <span class='ocrx_word' id='word_1_139' title='bbox 1801 1593 1896 1646; x_wconf 82' lang='lat' dir='ltr'><strong>acai</strong></span> 
     </span>
    </p>
   </div>
   <div class='ocr_carea' id='block_1_18' title="bbox 288 1683 1891 1756">
    <p class='ocr_par' dir='ltr' id='par_1_18' title="bbox 288 1683 1891 1756">
     <span class='ocr_line' id='line_1_18' title="bbox 288 1683 1891 1756; baseline 0 -20"><span class='ocrx_word' id='word_1_140' title='bbox 288 1683 584 1753; x_wconf 78' lang='grc' dir='ltr'><strong>ἀτρέπτως</strong></span> <span class='ocrx_word' id='word_1_141' title='bbox 609 1683 941 1754; x_wconf 82' lang='grc' dir='ltr'>σαρκωθε’·.ς,</span> <span class='ocrx_word' id='word_1_142' title='bbox 965 1683 1012 1736; x_wconf 78' lang='grc' dir='ltr'>εἰ</span> <span class='ocrx_word' id='word_1_143' title='bbox 1034 1683 1134 1737; x_wconf 78' lang='grc' dir='ltr'><strong>οὐκ</strong></span> <span class='ocrx_word' id='word_1_144' title='bbox 1166 1684 1284 1736; x_wconf 80' lang='grc' dir='ltr'>ἐστι</span> <span class='ocrx_word' id='word_1_145' title='bbox 1307 1684 1542 1756; x_wconf 78' lang='grc' dir='ltr'>Χριστὸς</span> <span class='ocrx_word' id='word_1_146' title='bbox 1573 1685 1631 1736; x_wconf 80' lang='grc' dir='ltr'>ἐν</span> <span class='ocrx_word' id='word_1_147' title='bbox 1661 1683 1757 1736; x_wconf 86' lang='grc' dir='ltr'><strong>δύο</strong></span> <span class='ocrx_word' id='word_1_148' title='bbox 1786 1683 1891 1753; x_wconf 85' lang='grc' dir='ltr'>φύ-</span> 
     </span>
    </p>
   </div>
   <div class='ocr_carea' id='block_1_19' title="bbox 289 1772 1892 1846">
    <p class='ocr_par' dir='ltr' id='par_1_19' title="bbox 289 1772 1892 1846">
     <span class='ocr_line' id='line_1_19' title="bbox 289 1772 1892 1846; baseline -0.001 -18"><span class='ocrx_word' id='word_1_149' title='bbox 289 1792 448 1842; x_wconf 87' lang='grc' dir='ltr'>σεσι;</span> <span class='ocrx_word' id='word_1_150' title='bbox 489 1775 614 1838; x_wconf 81' lang='grc' dir='ltr'><strong>Πῶς</strong></span> <span class='ocrx_word' id='word_1_151' title='bbox 655 1774 968 1846; x_wconf 74' lang='grc' dir='ltr'>σαρκωθεὶς</span> <span class='ocrx_word' id='word_1_152' title='bbox 1002 1777 1031 1829; x_wconf 92' lang='lat'><strong>6</strong></span> <span class='ocrx_word' id='word_1_153' title='bbox 1069 1775 1203 1836; x_wconf 85' lang='grc' dir='ltr'>Θεὸς</span> <span class='ocrx_word' id='word_1_154' title='bbox 1237 1777 1409 1844; x_wconf 84' lang='grc' dir='ltr'><strong>Λόγος</strong></span> <span class='ocrx_word' id='word_1_155' title='bbox 1446 1776 1666 1846; x_wconf 75' lang='grc' dir='ltr'>ἔμεινεν</span> <span class='ocrx_word' id='word_1_156' title='bbox 1713 1775 1742 1829; x_wconf 83' lang='grc' dir='ltr'>ὃ</span> <span class='ocrx_word' id='word_1_157' title='bbox 1787 1772 1892 1846; x_wconf 84' lang='grc' dir='ltr'><strong>ἦν;</strong></span> 
     </span>
    </p>
   </div>
   <div class='ocr_carea' id='block_1_20' title="bbox 1999 576 3596 647">
    <p class='ocr_par' dir='ltr' id='par_1_20' title="bbox 1999 576 3596 647">
     <span class='ocr_line' id='line_1_20' title="bbox 1999 576 3596 647; baseline 0.007 -20"><span class='ocrx_word' id='word_1_158' title='bbox 1999 576 2485 633; x_wconf 78' lang='lat' dir='ltr'><strong>consubstantialis</strong></span> <span class='ocrx_word' id='word_1_159' title='bbox 2513 593 2644 633; x_wconf 87' lang='lat' dir='ltr'><strong>caro</strong></span> <span class='ocrx_word' id='word_1_160' title='bbox 2683 587 2738 632; x_wconf 89' lang='lat' dir='ltr'><strong>et</strong></span> <span class='ocrx_word' id='word_1_161' title='bbox 2781 589 3053 633; x_wconf 63' lang='lat' dir='ltr'><strong>comterna</strong></span> <span class='ocrx_word' id='word_1_162' title='bbox 3105 579 3274 647; x_wconf 87' lang='lat' dir='ltr'><strong>Patri,</strong></span> <span class='ocrx_word' id='word_1_163' title='bbox 3335 582 3495 637; x_wconf 52' lang='lat' dir='ltr'><strong>sicut‘</strong></span> <span class='ocrx_word' id='word_1_164' title='bbox 3541 594 3596 638; x_wconf 89' lang='lat' dir='ltr'><strong>et</strong></span> 
     </span>
    </p>
   </div>
   <div class='ocr_carea' id='block_1_21' title="bbox 2005 666 3596 729">
    <p class='ocr_par' dir='ltr' id='par_1_21' title="bbox 2005 666 3596 729">
     <span class='ocr_line' id='line_1_21' title="bbox 2005 666 3596 729; baseline 0.006 -9"><span class='ocrx_word' id='word_1_165' title='bbox 2005 666 2237 721; x_wconf 93' lang='lat' dir='ltr'><strong>Verbum</strong></span> <span class='ocrx_word' id='word_1_166' title='bbox 2264 666 2287 719; x_wconf 90' lang='lat'><strong>?</strong></span> <span class='ocrx_word' id='word_1_167' title='bbox 2318 666 2373 722; x_wconf 88' lang='lat' dir='ltr'><strong>Si</strong></span> <span class='ocrx_word' id='word_1_168' title='bbox 2406 677 2586 724; x_wconf 88' lang='lat' dir='ltr'><strong>autem</strong></span> <span class='ocrx_word' id='word_1_169' title='bbox 2620 667 2847 724; x_wconf 77' lang='lat' dir='ltr'><strong>alterius</strong></span> <span class='ocrx_word' id='word_1_170' title='bbox 2873 671 3187 727; x_wconf 65' lang='lat' dir='ltr'><strong>substantiae</strong></span> <span class='ocrx_word' id='word_1_171' title='bbox 3213 681 3297 726; x_wconf 89' lang='lat' dir='ltr'><strong>est</strong></span> <span class='ocrx_word' id='word_1_172' title='bbox 3332 687 3461 728; x_wconf 84' lang='lat' dir='ltr'><strong>caro</strong></span> <span class='ocrx_word' id='word_1_173' title='bbox 3497 673 3596 729; x_wconf 67' lang='lat' dir='ltr'><strong>Pa«</strong></span> 
     </span>
    </p>
   </div>
   <div class='ocr_carea' id='block_1_22' title="bbox 2001 756 3594 828">
    <p class='ocr_par' dir='ltr' id='par_1_22' title="bbox 2001 756 3594 828">
     <span class='ocr_line' id='line_1_22' title="bbox 2001 756 3594 828; baseline 0.006 -19"><span class='ocrx_word' id='word_1_174' title='bbox 2001 757 2092 819; x_wconf 87' lang='lat' dir='ltr'><strong>tri,</strong></span> <span class='ocrx_word' id='word_1_175' title='bbox 2113 756 2164 809; x_wconf 91' lang='lat' dir='ltr'><strong>in</strong></span> <span class='ocrx_word' id='word_1_176' title='bbox 2188 767 2454 826; x_wconf 88' lang='lat' dir='ltr'><strong>quantum</strong></span> <span class='ocrx_word' id='word_1_177' title='bbox 2488 759 2764 814; x_wconf 88' lang='lat' dir='ltr'><strong>recentior</strong></span> <span class='ocrx_word' id='word_1_178' title='bbox 2785 773 2889 828; x_wconf 82' lang='lat' dir='ltr'><strong>est,</strong></span> <span class='ocrx_word' id='word_1_179' title='bbox 2915 759 3076 816; x_wconf 87' lang='lat' dir='ltr'><strong>Pater</strong></span> <span class='ocrx_word' id='word_1_180' title='bbox 3103 773 3282 818; x_wconf 87' lang='lat' dir='ltr'><strong>autem</strong></span> <span class='ocrx_word' id='word_1_181' title='bbox 3312 765 3430 819; x_wconf 85' lang='lat' dir='ltr'><strong>sine</strong></span> <span class='ocrx_word' id='word_1_182' title='bbox 3459 776 3594 820; x_wconf 90' lang='lat' dir='ltr'><strong>tem-</strong></span> 
     </span>
    </p>
   </div>
   <div class='ocr_carea' id='block_1_23' title="bbox 1999 853 3599 920">
    <p class='ocr_par' dir='ltr' id='par_1_23' title="bbox 1999 853 3599 920">
     <span class='ocr_line' id='line_1_23' title="bbox 1999 853 3599 920; baseline 0.008 -19"><span class='ocrx_word' id='word_1_183' title='bbox 1999 863 2127 917; x_wconf 89' lang='lat' dir='ltr'><strong>pore</strong></span> <span class='ocrx_word' id='word_1_184' title='bbox 2159 859 2278 915; x_wconf 87' lang='lat' dir='ltr'><strong>est,</strong></span> <span class='ocrx_word' id='word_1_185' title='bbox 2332 853 2605 920; x_wconf 91' lang='lat' dir='ltr'><strong>quomodo</strong></span> <span class='ocrx_word' id='word_1_186' title='bbox 2651 868 2758 908; x_wconf 90' lang='lat' dir='ltr'><strong>non</strong></span> <span class='ocrx_word' id='word_1_187' title='bbox 2815 869 3006 909; x_wconf 87' lang='lat' dir='ltr'><strong>recens</strong></span> <span class='ocrx_word' id='word_1_188' title='bbox 3039 867 3090 909; x_wconf 87' lang='lat' dir='ltr'><strong>et</strong></span> <span class='ocrx_word' id='word_1_189' title='bbox 3129 857 3408 912; x_wconf 82' lang='lat' dir='ltr'><strong>Verbum?</strong></span> <span class='ocrx_word' id='word_1_190' title='bbox 3454 859 3599 913; x_wconf 78' lang='lat' dir='ltr'><strong>sicut</strong></span> 
     </span>
    </p>
   </div>
   <div class='ocr_carea' id='block_1_24' title="bbox 1999 941 3595 1017">
    <p class='ocr_par' dir='ltr' id='par_1_24' title="bbox 1999 941 3595 1017">
     <span class='ocr_line' id='line_1_24' title="bbox 1999 941 3595 1017; baseline 0.009 -24"><span class='ocrx_word' id='word_1_191' title='bbox 1999 941 2145 994; x_wconf 89' lang='lat' dir='ltr'><strong>enim</strong></span> <span class='ocrx_word' id='word_1_192' title='bbox 2175 958 2338 996; x_wconf 88' lang='lat' dir='ltr'><strong>uuam</strong></span> <span class='ocrx_word' id='word_1_193' title='bbox 2369 961 2494 1000; x_wconf 87' lang='lat' dir='ltr'><strong>esse</strong></span> <span class='ocrx_word' id='word_1_194' title='bbox 2540 957 2791 1001; x_wconf 85' lang='lat' dir='ltr'><strong>naturam</strong></span> <span class='ocrx_word' id='word_1_195' title='bbox 2822 949 3005 1004; x_wconf 87' lang='lat' dir='ltr'><strong>carnis</strong></span> <span class='ocrx_word' id='word_1_196' title='bbox 3031 962 3081 1004; x_wconf 89' lang='lat' dir='ltr'><strong>et</strong></span> <span class='ocrx_word' id='word_1_197' title='bbox 3117 949 3274 1004; x_wconf 79' lang='lat' dir='ltr'><strong>Verbi</strong></span> <span class='ocrx_word' id='word_1_198' title='bbox 3303 953 3392 1006; x_wconf 90' lang='lat' dir='ltr'><strong>Dei</strong></span> <span class='ocrx_word' id='word_1_199' title='bbox 3437 955 3595 1017; x_wconf 80' lang='lat' dir='ltr'><strong>dicis,</strong></span> 
     </span>
    </p>
   </div>
   <div class='ocr_carea' id='block_1_25' title="bbox 1999 1033 3594 1106">
    <p class='ocr_par' dir='ltr' id='par_1_25' title="bbox 1999 1033 3594 1106">
     <span class='ocr_line' id='line_1_25' title="bbox 1999 1033 3594 1106; baseline 0.009 -21"><span class='ocrx_word' id='word_1_200' title='bbox 1999 1043 2052 1086; x_wconf 89' lang='lat' dir='ltr'><strong>et</strong></span> <span class='ocrx_word' id='word_1_201' title='bbox 2080 1033 2278 1088; x_wconf 85' lang='lat' dir='ltr'><strong>Filium</strong></span> <span class='ocrx_word' id='word_1_202' title='bbox 2307 1035 2531 1092; x_wconf 86' lang='lat' dir='ltr'><strong>alterius</strong></span> <span class='ocrx_word' id='word_1_203' title='bbox 2561 1039 2887 1093; x_wconf 66' lang='lat' dir='ltr'><strong>substantiae</strong></span> <span class='ocrx_word' id='word_1_204' title='bbox 2919 1040 3085 1106; x_wconf 89' lang='lat' dir='ltr'><strong>Patri,</strong></span> <span class='ocrx_word' id='word_1_205' title='bbox 3121 1043 3275 1096; x_wconf 76' lang='lat' dir='ltr'><strong>dicis.</strong></span> <span class='ocrx_word' id='word_1_206' title='bbox 3309 1042 3367 1097; x_wconf 92' lang='lat' dir='ltr'><strong>Si</strong></span> <span class='ocrx_word' id='word_1_207' title='bbox 3416 1057 3594 1100; x_wconf 87' lang='lat' dir='ltr'><strong>autem</strong></span> 
     </span>
    </p>
   </div>
   <div class='ocr_carea' id='block_1_26' title="bbox 2001 1131 3596 1207">
    <p class='ocr_par' dir='ltr' id='par_1_26' title="bbox 2001 1131 3596 1207">
     <span class='ocr_line' id='line_1_26' title="bbox 2001 1131 3596 1207; baseline 0.011 -29"><span class='ocrx_word' id='word_1_208' title='bbox 2001 1140 2106 1179; x_wconf 90' lang='lat' dir='ltr'><strong>non</strong></span> <span class='ocrx_word' id='word_1_209' title='bbox 2138 1137 2222 1182; x_wconf 88' lang='lat' dir='ltr'><strong>est</strong></span> <span class='ocrx_word' id='word_1_210' title='bbox 2251 1131 2441 1184; x_wconf 85' lang='lat' dir='ltr'><strong>eadem</strong></span> <span class='ocrx_word' id='word_1_211' title='bbox 2470 1141 2662 1184; x_wconf 86' lang='lat' dir='ltr'><strong>natura</strong></span> <span class='ocrx_word' id='word_1_212' title='bbox 2691 1132 2850 1187; x_wconf 80' lang='lat' dir='ltr'><strong>Verbi</strong></span> <span class='ocrx_word' id='word_1_213' title='bbox 2887 1135 2980 1187; x_wconf 88' lang='lat' dir='ltr'><strong>Dei</strong></span> <span class='ocrx_word' id='word_1_214' title='bbox 3011 1143 3063 1187; x_wconf 82' lang='lat' dir='ltr'><strong>cl</strong></span> <span class='ocrx_word' id='word_1_215' title='bbox 3097 1139 3297 1202; x_wconf 81' lang='lat' dir='ltr'><strong>carnis,</strong></span> <span class='ocrx_word' id='word_1_216' title='bbox 3324 1140 3596 1207; x_wconf 89' lang='lat' dir='ltr'><strong>quomodo</strong></span> 
     </span>
    </p>
   </div>
   <div class='ocr_carea' id='block_1_27' title="bbox 2000 1222 3594 1288">
    <p class='ocr_par' dir='ltr' id='par_1_27' title="bbox 2000 1222 3594 1288">
     <span class='ocr_line' id='line_1_27' title="bbox 2000 1222 3594 1288; baseline 0.009 -16"><span class='ocrx_word' id='word_1_217' title='bbox 2000 1233 2108 1272; x_wconf 89' lang='lat' dir='ltr'><strong>non</strong></span> <span class='ocrx_word' id='word_1_218' title='bbox 2156 1229 2282 1274; x_wconf 89' lang='lat' dir='ltr'><strong>sunt</strong></span> <span class='ocrx_word' id='word_1_219' title='bbox 2314 1222 2431 1276; x_wconf 66' lang='grc' dir='ltr'>θυῖε</span> <span class='ocrx_word' id='word_1_220' title='bbox 2453 1261 2470 1288; x_wconf 92' lang='grc'><strong>,</strong></span> <span class='ocrx_word' id='word_1_221' title='bbox 2499 1238 2628 1278; x_wconf 86' lang='lat' dir='ltr'><strong>caro</strong></span> <span class='ocrx_word' id='word_1_222' title='bbox 2661 1236 2716 1279; x_wconf 87' lang='lat' dir='ltr'><strong>et</strong></span> <span class='ocrx_word' id='word_1_223' title='bbox 2746 1224 3026 1281; x_wconf 85' lang='lat' dir='ltr'><strong>Verbum?</strong></span> <span class='ocrx_word' id='word_1_224' title='bbox 3055 1226 3111 1281; x_wconf 90' lang='lat' dir='ltr'><strong>Si</strong></span> <span class='ocrx_word' id='word_1_225' title='bbox 3157 1236 3339 1283; x_wconf 88' lang='lat' dir='ltr'><strong>autem</strong></span> <span class='ocrx_word' id='word_1_226' title='bbox 3371 1232 3594 1288; x_wconf 91' lang='lat' dir='ltr'><strong>omnino</strong></span> 
     </span>
    </p>
   </div>
   <div class='ocr_carea' id='block_1_28' title="bbox 2001 1308 3589 1392">
    <p class='ocr_par' dir='ltr' id='par_1_28' title="bbox 2001 1308 3589 1392">
     <span class='ocr_line' id='line_1_28' title="bbox 2001 1308 3589 1392; baseline 0.011 -30"><span class='ocrx_word' id='word_1_227' title='bbox 2001 1308 2174 1392; x_wconf 83' lang='lat' dir='ltr'><strong>deitas</strong></span> <span class='ocrx_word' id='word_1_228' title='bbox 2199 1325 2328 1364; x_wconf 86' lang='lat' dir='ltr'><strong>caro</strong></span> <span class='ocrx_word' id='word_1_229' title='bbox 2351 1311 2494 1366; x_wconf 82' lang='lat' dir='ltr'><strong>facta</strong></span> <span class='ocrx_word' id='word_1_230' title='bbox 2519 1322 2620 1379; x_wconf 91' lang='lat' dir='ltr'><strong>est,</strong></span> <span class='ocrx_word' id='word_1_231' title='bbox 2651 1317 2922 1383; x_wconf 90' lang='lat' dir='ltr'><strong>quomodo</strong></span> <span class='ocrx_word' id='word_1_232' title='bbox 2948 1318 3149 1372; x_wconf 88' lang='lat' dir='ltr'><strong>mansit</strong></span> <span class='ocrx_word' id='word_1_233' title='bbox 3177 1318 3416 1375; x_wconf 86' lang='lat' dir='ltr'><strong>Verbum</strong></span> <span class='ocrx_word' id='word_1_234' title='bbox 3446 1330 3589 1392; x_wconf 88' lang='lat' dir='ltr'><strong>quod</strong></span> 
     </span>
    </p>
   </div>
   <div class='ocr_carea' id='block_1_29' title="bbox 2002 1387 3592 1470">
    <p class='ocr_par' dir='ltr' id='par_1_29' title="bbox 2002 1387 3592 1470">
     <span class='ocr_line' id='line_1_29' title="bbox 2002 1387 3592 1470; baseline 0.011 -17"><span class='ocrx_word' id='word_1_235' title='bbox 2002 1387 2150 1454; x_wconf 74' lang='lat' dir='ltr'><strong>i&#39;uit?</strong></span> <span class='ocrx_word' id='word_1_236' title='bbox 2188 1401 2470 1468; x_wconf 83' lang='lat' dir='ltr'><strong>Quomodo</strong></span> <span class='ocrx_word' id='word_1_237' title='bbox 2493 1416 2670 1459; x_wconf 87' lang='lat' dir='ltr'><strong>autem</strong></span> <span class='ocrx_word' id='word_1_238' title='bbox 2705 1408 3225 1466; x_wconf 85' lang='lat' dir='ltr'><strong>incommutabililer</strong></span> <span class='ocrx_word' id='word_1_239' title='bbox 3249 1387 3592 1470; x_wconf 65' lang='lat' dir='ltr'><strong>incarnatum</strong></span> 
     </span>
    </p>
   </div>
   <div class='ocr_carea' id='block_1_30' title="bbox 2001 1496 3595 1574">
    <p class='ocr_par' dir='ltr' id='par_1_30' title="bbox 2001 1496 3595 1574">
     <span class='ocr_line' id='line_1_30' title="bbox 2001 1496 3595 1574; baseline 0.01 -28"><span class='ocrx_word' id='word_1_240' title='bbox 2001 1501 2116 1558; x_wconf 87' lang='lat' dir='ltr'><strong>est,</strong></span> <span class='ocrx_word' id='word_1_241' title='bbox 2175 1496 2217 1547; x_wconf 90' lang='lat' dir='ltr'><strong>si</strong></span> <span class='ocrx_word' id='word_1_242' title='bbox 2271 1510 2374 1549; x_wconf 90' lang='lat' dir='ltr'><strong>non</strong></span> <span class='ocrx_word' id='word_1_243' title='bbox 2410 1507 2494 1551; x_wconf 87' lang='lat' dir='ltr'><strong>est</strong></span> <span class='ocrx_word' id='word_1_244' title='bbox 2537 1497 2784 1554; x_wconf 80' lang='lat' dir='ltr'><strong>Christus</strong></span> <span class='ocrx_word' id='word_1_245' title='bbox 2815 1500 2868 1552; x_wconf 92' lang='lat' dir='ltr'><strong>in</strong></span> <span class='ocrx_word' id='word_1_246' title='bbox 2915 1500 3128 1557; x_wconf 87' lang='lat' dir='ltr'><strong>duabus</strong></span> <span class='ocrx_word' id='word_1_247' title='bbox 3169 1507 3424 1560; x_wconf 86' lang='lat' dir='ltr'><strong>naturis?</strong></span> <span class='ocrx_word' id='word_1_248' title='bbox 3453 1507 3595 1574; x_wconf 86' lang='lat' dir='ltr'><strong>Quo-</strong></span> 
     </span>
    </p>
   </div>
   <div class='ocr_carea' id='block_1_31' title="bbox 2005 1585 3594 1669">
    <p class='ocr_par' dir='ltr' id='par_1_31' title="bbox 2005 1585 3594 1669">
     <span class='ocr_line' id='line_1_31' title="bbox 2005 1585 3594 1669; baseline 0.014 -32"><span class='ocrx_word' id='word_1_249' title='bbox 2005 1585 2164 1638; x_wconf 81' lang='lat' dir='ltr'><strong>modo</strong></span> <span class='ocrx_word' id='word_1_250' title='bbox 2219 1585 2537 1644; x_wconf 84' lang='lat' dir='ltr'><strong>incarnatus</strong></span> <span class='ocrx_word' id='word_1_251' title='bbox 2584 1591 2726 1645; x_wconf 87' lang='lat' dir='ltr'><strong>Deus</strong></span> <span class='ocrx_word' id='word_1_252' title='bbox 2759 1589 2994 1647; x_wconf 86' lang='lat' dir='ltr'><strong>Verbum</strong></span> <span class='ocrx_word' id='word_1_253' title='bbox 3035 1598 3237 1650; x_wconf 79' lang='lat' dir='ltr'><strong>mansit</strong></span> <span class='ocrx_word' id='word_1_254' title='bbox 3269 1602 3416 1669; x_wconf 89' lang='lat' dir='ltr'><strong>quod</strong></span> <span class='ocrx_word' id='word_1_255' title='bbox 3449 1601 3594 1660; x_wconf 76' lang='lat' dir='ltr'><strong>fuit?</strong></span> 
     </span>
    </p>
   </div>
   <div class='ocr_carea' id='block_1_32' title="bbox 1999 1671 3593 1756">
    <p class='ocr_par' dir='ltr' id='par_1_32' title="bbox 1999 1671 3593 1756">
     <span class='ocr_line' id='line_1_32' title="bbox 1999 1671 3593 1756; baseline 0.014 -30"><span class='ocrx_word' id='word_1_256' title='bbox 1999 1671 2069 1728; x_wconf 89' lang='lat' dir='ltr'><strong>Et</strong></span> <span class='ocrx_word' id='word_1_257' title='bbox 2097 1677 2141 1729; x_wconf 89' lang='lat' dir='ltr'><strong>si</strong></span> <span class='ocrx_word' id='word_1_258' title='bbox 2169 1687 2253 1731; x_wconf 87' lang='lat' dir='ltr'><strong>est</strong></span> <span class='ocrx_word' id='word_1_259' title='bbox 2281 1676 2425 1732; x_wconf 89' lang='lat' dir='ltr'><strong>Deus</strong></span> <span class='ocrx_word' id='word_1_260' title='bbox 2451 1680 2684 1734; x_wconf 88' lang='lat' dir='ltr'><strong>Verbum</strong></span> <span class='ocrx_word' id='word_1_261' title='bbox 2713 1683 3010 1751; x_wconf 89' lang='lat' dir='ltr'><strong>passibilis,</strong></span> <span class='ocrx_word' id='word_1_262' title='bbox 3037 1685 3388 1756; x_wconf 81' lang='lat' dir='ltr'><strong>impassibilis</strong></span> <span class='ocrx_word' id='word_1_263' title='bbox 3413 1704 3593 1749; x_wconf 90' lang='lat' dir='ltr'><strong>autem</strong></span> 
     </span>
    </p>
   </div>
   <div class='ocr_carea' id='block_1_33' title="bbox 2000 1763 3596 1850">
    <p class='ocr_par' dir='ltr' id='par_1_33' title="bbox 2000 1763 3596 1850">
     <span class='ocr_line' id='line_1_33' title="bbox 2000 1763 3596 1850; baseline 0.016 -32"><span class='ocrx_word' id='word_1_264' title='bbox 2000 1763 2184 1830; x_wconf 90' lang='lat' dir='ltr'><strong>Pater,</strong></span> <span class='ocrx_word' id='word_1_265' title='bbox 2230 1771 2504 1838; x_wconf 88' lang='lat' dir='ltr'><strong>quomodo</strong></span> <span class='ocrx_word' id='word_1_266' title='bbox 2532 1787 2671 1827; x_wconf 89' lang='lat' dir='ltr'><strong>unus</strong></span> <span class='ocrx_word' id='word_1_267' title='bbox 2692 1782 2746 1826; x_wconf 89' lang='lat' dir='ltr'><strong>et</strong></span> <span class='ocrx_word' id='word_1_268' title='bbox 2779 1774 2927 1829; x_wconf 91' lang='lat' dir='ltr'><strong>solus</strong></span> <span class='ocrx_word' id='word_1_269' title='bbox 2954 1786 3040 1832; x_wconf 92' lang='lat' dir='ltr'><strong>est</strong></span> <span class='ocrx_word' id='word_1_270' title='bbox 3069 1777 3254 1836; x_wconf 87' lang='lat' dir='ltr'><strong>Deus?</strong></span> <span class='ocrx_word' id='word_1_271' title='bbox 3312 1783 3596 1850; x_wconf 84' lang='lat' dir='ltr'>Quomodo</span> 
     </span>
    </p>
   </div>
   <div class='ocr_carea' id='block_1_34' title="bbox 287 1859 1907 1940">
    <p class='ocr_par' dir='ltr' id='par_1_34' title="bbox 287 1866 1896 1940">
     <span class='ocr_line' id='line_1_34' title="bbox 287 1866 1896 1940; baseline -0.001 -19"><span class='ocrx_word' id='word_1_272' title='bbox 287 1869 402 1921; x_wconf 73' lang='grc' dir='ltr'><strong>Καὶ</strong></span> <span class='ocrx_word' id='word_1_273' title='bbox 445 1871 494 1921; x_wconf 88' lang='grc' dir='ltr'>εἰ</span> <span class='ocrx_word' id='word_1_274' title='bbox 522 1867 671 1921; x_wconf 78' lang='grc' dir='ltr'>ἐστιν</span> <span class='ocrx_word' id='word_1_275' title='bbox 703 1870 731 1920; x_wconf 88' lang='lat'><strong>6</strong></span> <span class='ocrx_word' id='word_1_276' title='bbox 773 1866 907 1931; x_wconf 89' lang='grc' dir='ltr'>Θεὸς</span> <span class='ocrx_word' id='word_1_277' title='bbox 955 1868 1132 1936; x_wconf 80' lang='grc' dir='ltr'><strong>Λόγος</strong></span> <span class='ocrx_word' id='word_1_278' title='bbox 1179 1867 1460 1938; x_wconf 77' lang='grc' dir='ltr'><strong>παθητὸς,</strong></span> <span class='ocrx_word' id='word_1_279' title='bbox 1513 1866 1732 1940; x_wconf 82' lang='grc' dir='ltr'>ἀπαθὴς</span> <span class='ocrx_word' id='word_1_280' title='bbox 1771 1867 1827 1920; x_wconf 85' lang='grc' dir='ltr'>δὲ</span> <span class='ocrx_word' id='word_1_281' title='bbox 1867 1867 1896 1919; x_wconf 92' lang='lat'><strong>6</strong></span> 
     </span>
    </p>
   </div>
   <div class='ocr_carea' id='block_1_35' title="bbox 1996 1859 3596 1940">
    <p class='ocr_par' dir='ltr' id='par_1_35' title="bbox 2004 1859 3596 1936">
     <span class='ocr_line' id='line_1_35' title="bbox 2004 1859 3596 1936; baseline 0.017 -27"><span class='ocrx_word' id='word_1_282' title='bbox 2004 1866 2182 1911; x_wconf 85' lang='lat' dir='ltr'><strong>autem</strong></span> <span class='ocrx_word' id='word_1_283' title='bbox 2209 1868 2262 1912; x_wconf 90' lang='lat' dir='ltr'><strong>et</strong></span> <span class='ocrx_word' id='word_1_284' title='bbox 2295 1859 2526 1915; x_wconf 89' lang='lat' dir='ltr'><strong>istorum</strong></span> <span class='ocrx_word' id='word_1_285' title='bbox 2558 1879 2664 1918; x_wconf 88' lang='lat' dir='ltr'><strong>una</strong></span> <span class='ocrx_word' id='word_1_286' title='bbox 2695 1875 2778 1920; x_wconf 89' lang='lat' dir='ltr'><strong>est</strong></span> <span class='ocrx_word' id='word_1_287' title='bbox 2811 1876 3010 1922; x_wconf 87' lang='lat' dir='ltr'><strong>natura</strong></span> <span class='ocrx_word' id='word_1_288' title='bbox 3039 1868 3062 1921; x_wconf 92' lang='lat'><strong>?</strong></span> <span class='ocrx_word' id='word_1_289' title='bbox 3099 1870 3156 1926; x_wconf 89' lang='lat' dir='ltr'><strong>Si</strong></span> <span class='ocrx_word' id='word_1_290' title='bbox 3182 1886 3364 1930; x_wconf 89' lang='lat' dir='ltr'><strong>autem</strong></span> <span class='ocrx_word' id='word_1_291' title='bbox 3405 1889 3462 1933; x_wconf 88' lang='lat' dir='ltr'><strong>et</strong></span> <span class='ocrx_word' id='word_1_292' title='bbox 3492 1882 3596 1936; x_wconf 88' lang='lat' dir='ltr'><strong>im-</strong></span> 
     </span>
    </p>
   </div>
   <div class='ocr_carea' id='block_1_36' title="bbox 286 1952 1895 2030">
    <p class='ocr_par' dir='ltr' id='par_1_36' title="bbox 286 1952 1895 2030">
     <span class='ocr_line' id='line_1_36' title="bbox 286 1952 1895 2030; baseline 0 -20"><span class='ocrx_word' id='word_1_293' title='bbox 286 1958 502 2028; x_wconf 80' lang='grc' dir='ltr'>Πατὴρ,</span> <span class='ocrx_word' id='word_1_294' title='bbox 535 1952 762 2022; x_wconf 78' lang='grc' dir='ltr'>πῶςέἷς</span> <span class='ocrx_word' id='word_1_295' title='bbox 788 1959 881 2012; x_wconf 80' lang='grc' dir='ltr'><strong>καὶ</strong></span> <span class='ocrx_word' id='word_1_296' title='bbox 910 1959 1073 2030; x_wconf 87' lang='grc' dir='ltr'><strong>μόνος</strong></span> <span class='ocrx_word' id='word_1_297' title='bbox 1104 1960 1253 2012; x_wconf 74' lang='grc' dir='ltr'>ἐστὶν</span> <span class='ocrx_word' id='word_1_298' title='bbox 1294 1961 1322 2012; x_wconf 92' lang='lat'><strong>6</strong></span> <span class='ocrx_word' id='word_1_299' title='bbox 1346 1958 1476 2022; x_wconf 86' lang='grc' dir='ltr'>Θεός</span> <span class='ocrx_word' id='word_1_300' title='bbox 1501 1977 1515 2026; x_wconf 89' lang='grc'><strong>;</strong></span> <span class='ocrx_word' id='word_1_301' title='bbox 1553 1959 1677 2023; x_wconf 82' lang='grc' dir='ltr'><strong>Πῶς</strong></span> <span class='ocrx_word' id='word_1_302' title='bbox 1716 1958 1772 2012; x_wconf 82' lang='grc' dir='ltr'><strong>δὲ</strong></span> <span class='ocrx_word' id='word_1_303' title='bbox 1801 1959 1895 2010; x_wconf 75' lang='grc' dir='ltr'><strong>καὶ</strong></span> 
     </span>
    </p>
   </div>
   <div class='ocr_carea' id='block_1_37' title="bbox 286 2049 1890 2122">
    <p class='ocr_par' dir='ltr' id='par_1_37' title="bbox 286 2049 1890 2122">
     <span class='ocr_line' id='line_1_37' title="bbox 286 2049 1890 2122; baseline 0.001 -20"><span class='ocrx_word' id='word_1_304' title='bbox 286 2049 499 2103; x_wconf 86' lang='grc' dir='ltr'>τούτων</span> <span class='ocrx_word' id='word_1_305' title='bbox 527 2049 628 2119; x_wconf 87' lang='grc' dir='ltr'><strong>μία</strong></span> <span class='ocrx_word' id='word_1_306' title='bbox 653 2051 802 2102; x_wconf 76' lang='grc' dir='ltr'>ἐστὶν</span> <span class='ocrx_word' id='word_1_307' title='bbox 825 2053 857 2121; x_wconf 81' lang='grc' dir='ltr'>ὴ</span> <span class='ocrx_word' id='word_1_308' title='bbox 882 2050 1081 2120; x_wconf 87' lang='grc' dir='ltr'>φύσις;</span> <span class='ocrx_word' id='word_1_309' title='bbox 1114 2051 1178 2104; x_wconf 84' lang='grc' dir='ltr'><strong>Εἰ</strong></span> <span class='ocrx_word' id='word_1_310' title='bbox 1207 2051 1265 2103; x_wconf 83' lang='grc' dir='ltr'>δὲ</span> <span class='ocrx_word' id='word_1_311' title='bbox 1292 2053 1388 2104; x_wconf 79' lang='grc' dir='ltr'>καὶ</span> <span class='ocrx_word' id='word_1_312' title='bbox 1410 2049 1678 2122; x_wconf 80' lang='grc' dir='ltr'>ἀπαθὴςή</span> <span class='ocrx_word' id='word_1_313' title='bbox 1700 2051 1890 2122; x_wconf 80' lang='grc' dir='ltr'>Τριὰς,</span> 
     </span>
    </p>
   </div>
   <div class='ocr_carea' id='block_1_38' title="bbox 292 2143 1894 2216">
    <p class='ocr_par' dir='ltr' id='par_1_38' title="bbox 292 2143 1894 2216">
     <span class='ocr_line' id='line_1_38' title="bbox 292 2143 1894 2216; baseline 0 -20"><span class='ocrx_word' id='word_1_314' title='bbox 292 2144 412 2207; x_wconf 82' lang='grc' dir='ltr'>πῶς</span> <span class='ocrx_word' id='word_1_315' title='bbox 455 2146 484 2197; x_wconf 88' lang='grc' dir='ltr'>ὁ</span> <span class='ocrx_word' id='word_1_316' title='bbox 535 2144 669 2207; x_wconf 83' lang='grc' dir='ltr'>Θεὸς</span> <span class='ocrx_word' id='word_1_317' title='bbox 699 2143 873 2212; x_wconf 89' lang='grc' dir='ltr'><strong>Λόγος</strong></span> <span class='ocrx_word' id='word_1_318' title='bbox 909 2145 1112 2198; x_wconf 74' lang='grc' dir='ltr'>ἔπαθεν</span> <span class='ocrx_word' id='word_1_319' title='bbox 1159 2145 1301 2216; x_wconf 84' lang='grc' dir='ltr'>ὑπὲρ</span> <span class='ocrx_word' id='word_1_320' title='bbox 1342 2145 1538 2215; x_wconf 83' lang='grc' dir='ltr'>ἡμῶν;</span> <span class='ocrx_word' id='word_1_321' title='bbox 1582 2143 1646 2197; x_wconf 83' lang='lat' dir='ltr'><strong>Ei</strong></span> <span class='ocrx_word' id='word_1_322' title='bbox 1693 2144 1751 2196; x_wconf 82' lang='grc' dir='ltr'><strong>δὲ</strong></span> <span class='ocrx_word' id='word_1_323' title='bbox 1794 2146 1894 2197; x_wconf 73' lang='grc' dir='ltr'><strong>οὐκ</strong></span> 
     </span>
    </p>
   </div>
   <div class='ocr_carea' id='block_1_39' title="bbox 285 2235 1890 2308">
    <p class='ocr_par' dir='ltr' id='par_1_39' title="bbox 285 2235 1890 2308">
     <span class='ocr_line' id='line_1_39' title="bbox 285 2235 1890 2308; baseline 0.001 -20"><span class='ocrx_word' id='word_1_324' title='bbox 285 2235 486 2299; x_wconf 78' lang='grc' dir='ltr'>ἔπαθε,</span> <span class='ocrx_word' id='word_1_325' title='bbox 523 2235 641 2299; x_wconf 76' lang='grc' dir='ltr'>πῶς</span> <span class='ocrx_word' id='word_1_326' title='bbox 693 2238 727 2307; x_wconf 85' lang='grc' dir='ltr'><strong>ή</strong></span> <span class='ocrx_word' id='word_1_327' title='bbox 764 2237 930 2308; x_wconf 79' lang='grc' dir='ltr'>ἑτέρα</span> <span class='ocrx_word' id='word_1_328' title='bbox 966 2236 1127 2306; x_wconf 84' lang='grc' dir='ltr'><strong>φύσις</strong></span> <span class='ocrx_word' id='word_1_329' title='bbox 1162 2238 1262 2306; x_wconf 70' lang='grc' dir='ltr'><strong>τῆς</strong></span> <span class='ocrx_word' id='word_1_330' title='bbox 1305 2237 1508 2308; x_wconf 86' lang='grc' dir='ltr'>σαρκὸς</span> <span class='ocrx_word' id='word_1_331' title='bbox 1551 2238 1652 2290; x_wconf 82' lang='grc' dir='ltr'>οὐκ</span> <span class='ocrx_word' id='word_1_332' title='bbox 1691 2237 1890 2302; x_wconf 80' lang='grc' dir='ltr'>επαθε;</span> 
     </span>
    </p>
   </div>
   <div class='ocr_carea' id='block_1_40' title="bbox 286 2329 1892 2400">
    <p class='ocr_par' dir='ltr' id='par_1_40' title="bbox 286 2329 1892 2400">
     <span class='ocr_line' id='line_1_40' title="bbox 286 2329 1892 2400; baseline 0 -18"><span class='ocrx_word' id='word_1_333' title='bbox 286 2331 404 2382; x_wconf 80' lang='grc' dir='ltr'><strong>Καὶ</strong></span> <span class='ocrx_word' id='word_1_334' title='bbox 437 2332 486 2382; x_wconf 74' lang='grc' dir='ltr'><strong>εἰ</strong></span> <span class='ocrx_word' id='word_1_335' title='bbox 518 2331 628 2383; x_wconf 77' lang='grc' dir='ltr'>πᾶν</span> <span class='ocrx_word' id='word_1_336' title='bbox 664 2329 728 2382; x_wconf 86' lang='grc' dir='ltr'><strong>τὸ</strong></span> <span class='ocrx_word' id='word_1_337' title='bbox 760 2329 974 2400; x_wconf 80' lang='grc' dir='ltr'>πάσχον</span> <span class='ocrx_word' id='word_1_338' title='bbox 1010 2330 1258 2396; x_wconf 89' lang='grc' dir='ltr'>κτιστὸν,</span> <span class='ocrx_word' id='word_1_339' title='bbox 1296 2331 1415 2395; x_wconf 84' lang='grc' dir='ltr'>πῶς</span> <span class='ocrx_word' id='word_1_340' title='bbox 1453 2331 1482 2383; x_wconf 88' lang='lat'><strong>6</strong></span> <span class='ocrx_word' id='word_1_341' title='bbox 1525 2329 1662 2393; x_wconf 86' lang='grc' dir='ltr'>Θεὸς</span> <span class='ocrx_word' id='word_1_342' title='bbox 1715 2330 1892 2398; x_wconf 86' lang='grc' dir='ltr'><strong>Λόγος</strong></span> 
     </span>
    </p>
   </div>
   <div class='ocr_carea' id='block_1_41' title="bbox 284 2421 1894 2494">
    <p class='ocr_par' dir='ltr' id='par_1_41' title="bbox 284 2421 1894 2494">
     <span class='ocr_line' id='line_1_41' title="bbox 284 2421 1894 2494; baseline 0 -19"><span class='ocrx_word' id='word_1_343' title='bbox 284 2424 352 2475; x_wconf 83' lang='grc' dir='ltr'>οὐ</span> <span class='ocrx_word' id='word_1_344' title='bbox 392 2421 633 2488; x_wconf 79' lang='grc' dir='ltr'>κτιστὸς,</span> <span class='ocrx_word' id='word_1_345' title='bbox 676 2422 904 2494; x_wconf 80' lang='grc' dir='ltr'>πάσχων</span> <span class='ocrx_word' id='word_1_346' title='bbox 939 2423 1140 2493; x_wconf 83' lang='grc' dir='ltr'>σαρκί;</span> <span class='ocrx_word' id='word_1_347' title='bbox 1193 2423 1257 2476; x_wconf 84' lang='grc' dir='ltr'><strong>Εἰ</strong></span> <span class='ocrx_word' id='word_1_348' title='bbox 1303 2423 1360 2477; x_wconf 81' lang='grc' dir='ltr'><strong>δὲ</strong></span> <span class='ocrx_word' id='word_1_349' title='bbox 1410 2423 1614 2494; x_wconf 80' lang='grc' dir='ltr'>πάσχει</span> <span class='ocrx_word' id='word_1_350' title='bbox 1651 2425 1816 2494; x_wconf 80' lang='grc' dir='ltr'>σαρκὶ</span> <span class='ocrx_word' id='word_1_351' title='bbox 1865 2425 1894 2475; x_wconf 89' lang='lat'><strong>6</strong></span> 
     </span>
    </p>
   </div>
   <div class='ocr_carea' id='block_1_42' title="bbox 285 2512 1894 2585">
    <p class='ocr_par' dir='ltr' id='par_1_42' title="bbox 285 2512 1894 2585">
     <span class='ocr_line' id='line_1_42' title="bbox 285 2512 1894 2585; baseline -0.001 -19"><span class='ocrx_word' id='word_1_352' title='bbox 285 2513 445 2577; x_wconf 84' lang='grc' dir='ltr'>Θεὸς,</span> <span class='ocrx_word' id='word_1_353' title='bbox 479 2513 598 2576; x_wconf 84' lang='grc' dir='ltr'><strong>πῶς</strong></span> <span class='ocrx_word' id='word_1_354' title='bbox 637 2513 700 2566; x_wconf 86' lang='grc' dir='ltr'>οὐ</span> <span class='ocrx_word' id='word_1_355' title='bbox 734 2512 936 2584; x_wconf 80' lang='grc' dir='ltr'>πάσχει</span> <span class='ocrx_word' id='word_1_356' title='bbox 965 2515 1219 2585; x_wconf 84' lang='grc' dir='ltr'>θεότητι;</span> <span class='ocrx_word' id='word_1_357' title='bbox 1267 2513 1331 2567; x_wconf 83' lang='grc' dir='ltr'><strong>Εἰ</strong></span> <span class='ocrx_word' id='word_1_358' title='bbox 1357 2513 1414 2568; x_wconf 82' lang='grc' dir='ltr'><strong>δὲ</strong></span> <span class='ocrx_word' id='word_1_359' title='bbox 1449 2515 1510 2567; x_wconf 84' lang='grc' dir='ltr'>ού</span> <span class='ocrx_word' id='word_1_360' title='bbox 1543 2515 1743 2584; x_wconf 78' lang='grc' dir='ltr'>πάσχει</span> <span class='ocrx_word' id='word_1_361' title='bbox 1775 2513 1894 2566; x_wconf 86' lang='grc' dir='ltr'>θεό-</span> 
     </span>
    </p>
   </div>
   <div class='ocr_carea' id='block_1_43' title="bbox 284 2605 1892 2678">
    <p class='ocr_par' dir='ltr' id='par_1_43' title="bbox 284 2605 1892 2678">
     <span class='ocr_line' id='line_1_43' title="bbox 284 2605 1892 2678; baseline 0.001 -19"><span class='ocrx_word' id='word_1_362' title='bbox 284 2623 437 2676; x_wconf 87' lang='grc' dir='ltr'>τητι,</span> <span class='ocrx_word' id='word_1_363' title='bbox 475 2606 583 2660; x_wconf 88' lang='grc' dir='ltr'>τίνι</span> <span class='ocrx_word' id='word_1_364' title='bbox 611 2605 815 2677; x_wconf 81' lang='grc' dir='ltr'>πάσχει</span> <span class='ocrx_word' id='word_1_365' title='bbox 847 2607 1048 2678; x_wconf 81' lang='lat' dir='ltr'><strong>capaci;</strong></span> <span class='ocrx_word' id='word_1_366' title='bbox 1080 2607 1143 2660; x_wconf 81' lang='lat' dir='ltr'><strong>Ei</strong></span> <span class='ocrx_word' id='word_1_367' title='bbox 1166 2607 1222 2660; x_wconf 84' lang='grc' dir='ltr'><strong>δὲ</strong></span> <span class='ocrx_word' id='word_1_368' title='bbox 1242 2607 1408 2678; x_wconf 77' lang='grc' dir='ltr'>σαρκὶ</span> <span class='ocrx_word' id='word_1_369' title='bbox 1435 2607 1657 2678; x_wconf 85' lang='grc' dir='ltr'>πάσχει,</span> <span class='ocrx_word' id='word_1_370' title='bbox 1689 2606 1807 2670; x_wconf 85' lang='grc' dir='ltr'>πῶς</span> <span class='ocrx_word' id='word_1_371' title='bbox 1829 2608 1892 2661; x_wconf 83' lang='grc' dir='ltr'><strong>ού</strong></span> 
     </span>
    </p>
   </div>
   <div class='ocr_carea' id='block_1_44' title="bbox 285 2699 1889 2771">
    <p class='ocr_par' dir='ltr' id='par_1_44' title="bbox 285 2699 1889 2771">
     <span class='ocr_line' id='line_1_44' title="bbox 285 2699 1889 2771; baseline 0.001 -20"><span class='ocrx_word' id='word_1_372' title='bbox 285 2700 491 2771; x_wconf 81' lang='grc' dir='ltr'>πάσχει</span> <span class='ocrx_word' id='word_1_373' title='bbox 529 2701 623 2754; x_wconf 80' lang='grc' dir='ltr'>καὶ</span> <span class='ocrx_word' id='word_1_374' title='bbox 661 2699 844 2771; x_wconf 78' lang='grc' dir='ltr'>ἐαυτῷ</span> <span class='ocrx_word' id='word_1_375' title='bbox 883 2701 912 2752; x_wconf 92' lang='lat'><strong>6</strong></span> <span class='ocrx_word' id='word_1_376' title='bbox 959 2700 1127 2766; x_wconf 73' lang='grc' dir='ltr'>Θεόςς</span> <span class='ocrx_word' id='word_1_377' title='bbox 1174 2699 1235 2752; x_wconf 80' lang='lat' dir='ltr'><strong>Ei</strong></span> <span class='ocrx_word' id='word_1_378' title='bbox 1269 2699 1328 2752; x_wconf 72' lang='grc' dir='ltr'><strong>δὲ</strong></span> <span class='ocrx_word' id='word_1_379' title='bbox 1360 2700 1558 2754; x_wconf 88' lang='grc' dir='ltr'>ταύτὸν</span> <span class='ocrx_word' id='word_1_380' title='bbox 1600 2700 1660 2752; x_wconf 92' lang='grc' dir='ltr'><strong>τὸ</strong></span> <span class='ocrx_word' id='word_1_381' title='bbox 1692 2702 1889 2762; x_wconf 73' lang='grc' dir='ltr'>εἰπεῖν,</span> 
     </span>
    </p>
   </div>
   <div class='ocr_carea' id='block_1_45' title="bbox 283 2790 1892 2866">
    <p class='ocr_par' dir='ltr' id='par_1_45' title="bbox 283 2790 1892 2866">
     <span class='ocr_line' id='line_1_45' title="bbox 283 2790 1892 2866; baseline -0.001 -20"><span class='ocrx_word' id='word_1_382' title='bbox 283 2792 428 2846; x_wconf 87' lang='grc' dir='ltr'>Θεοῦ</span> <span class='ocrx_word' id='word_1_383' title='bbox 457 2793 722 2856; x_wconf 82' lang='grc' dir='ltr'>παθόντος</span> <span class='ocrx_word' id='word_1_384' title='bbox 754 2795 945 2866; x_wconf 89' lang='lat' dir='ltr'><strong>capaci,</strong></span> <span class='ocrx_word' id='word_1_385' title='bbox 983 2793 1061 2863; x_wconf 85' lang='grc' dir='ltr'>τῷ</span> <span class='ocrx_word' id='word_1_386' title='bbox 1093 2793 1291 2858; x_wconf 80' lang='grc' dir='ltr'>εἰπεῖν,</span> <span class='ocrx_word' id='word_1_387' title='bbox 1336 2790 1583 2863; x_wconf 88' lang='grc' dir='ltr'>Χριστοῦ</span> <span class='ocrx_word' id='word_1_388' title='bbox 1621 2791 1892 2855; x_wconf 86' lang='grc' dir='ltr'>παθόντος</span> 
     </span>
    </p>
   </div>
   <div class='ocr_carea' id='block_1_46' title="bbox 286 2882 1890 2956">
    <p class='ocr_par' dir='ltr' id='par_1_46' title="bbox 286 2882 1890 2956">
     <span class='ocr_line' id='line_1_46' title="bbox 286 2882 1890 2956; baseline 0.001 -19"><span class='ocrx_word' id='word_1_389' title='bbox 286 2884 482 2956; x_wconf 76' lang='grc' dir='ltr'>σαρκὶ,</span> <span class='ocrx_word' id='word_1_390' title='bbox 508 2886 626 2950; x_wconf 85' lang='grc' dir='ltr'>πῶς</span> <span class='ocrx_word' id='word_1_391' title='bbox 653 2885 756 2940; x_wconf 84' lang='grc' dir='ltr'>οὐκ</span> <span class='ocrx_word' id='word_1_392' title='bbox 779 2887 937 2940; x_wconf 78' lang='grc' dir='ltr'>ἔσται</span> <span class='ocrx_word' id='word_1_393' title='bbox 961 2885 1158 2940; x_wconf 82' lang='grc' dir='ltr'>ταύτὸν</span> <span class='ocrx_word' id='word_1_394' title='bbox 1178 2884 1240 2937; x_wconf 89' lang='grc' dir='ltr'><strong>τὸ</strong></span> <span class='ocrx_word' id='word_1_395' title='bbox 1265 2885 1464 2948; x_wconf 73' lang='grc' dir='ltr'>εἰπεῖν,</span> <span class='ocrx_word' id='word_1_396' title='bbox 1494 2883 1720 2955; x_wconf 84' lang='grc' dir='ltr'>Πνεῦμα</span> <span class='ocrx_word' id='word_1_397' title='bbox 1745 2882 1890 2938; x_wconf 85' lang='grc' dir='ltr'>θεῖον</span> 
     </span>
    </p>
   </div>
   <div class='ocr_carea' id='block_1_47' title="bbox 283 2976 1888 3051">
    <p class='ocr_par' dir='ltr' id='par_1_47' title="bbox 283 2976 1888 3051">
     <span class='ocr_line' id='line_1_47' title="bbox 283 2976 1888 3051; baseline -0.001 -20"><span class='ocrx_word' id='word_1_398' title='bbox 283 2979 494 3049; x_wconf 77' lang='grc' dir='ltr'>πάσχει</span> <span class='ocrx_word' id='word_1_399' title='bbox 549 2979 735 3051; x_wconf 85' lang='lat' dir='ltr'><strong>capaci,</strong></span> <span class='ocrx_word' id='word_1_400' title='bbox 786 2979 978 3050; x_wconf 75' lang='grc' dir='ltr'>ἐπειδὴ</span> <span class='ocrx_word' id='word_1_401' title='bbox 1029 2978 1258 3050; x_wconf 87' lang='grc' dir='ltr'>Πνεῦμα</span> <span class='ocrx_word' id='word_1_402' title='bbox 1299 2980 1327 3031; x_wconf 91' lang='lat'><strong>6</strong></span> <span class='ocrx_word' id='word_1_403' title='bbox 1370 2978 1538 3048; x_wconf 64' lang='grc' dir='ltr'>Θεόςξ;</span> <span class='ocrx_word' id='word_1_404' title='bbox 1580 2978 1644 3030; x_wconf 81' lang='lat' dir='ltr'><strong>Ei</strong></span> <span class='ocrx_word' id='word_1_405' title='bbox 1687 2977 1744 3030; x_wconf 84' lang='grc' dir='ltr'><strong>δὲ</strong></span> <span class='ocrx_word' id='word_1_406' title='bbox 1790 2976 1888 3048; x_wconf 79' lang='grc' dir='ltr'><strong>οὐχ</strong></span> 
     </span>
    </p>
   </div>
   <div class='ocr_carea' id='block_1_48' title="bbox 283 3069 1886 3143">
    <p class='ocr_par' dir='ltr' id='par_1_48' title="bbox 283 3069 1886 3143">
     <span class='ocr_line' id='line_1_48' title="bbox 283 3069 1886 3143; baseline -0.002 -17"><span class='ocrx_word' id='word_1_407' title='bbox 283 3073 478 3142; x_wconf 78' lang='grc' dir='ltr'>ὅμοιον</span> <span class='ocrx_word' id='word_1_408' title='bbox 509 3071 572 3124; x_wconf 84' lang='grc' dir='ltr'><strong>τὸ</strong></span> <span class='ocrx_word' id='word_1_409' title='bbox 600 3073 810 3139; x_wconf 75' lang='grc' dir='ltr'>εἰπεῖν,</span> <span class='ocrx_word' id='word_1_410' title='bbox 848 3070 986 3126; x_wconf 84' lang='grc' dir='ltr'>Θεοῦ</span> <span class='ocrx_word' id='word_1_411' title='bbox 1020 3071 1286 3135; x_wconf 79' lang='grc' dir='ltr'>παθόντος</span> <span class='ocrx_word' id='word_1_412' title='bbox 1333 3071 1522 3143; x_wconf 76' lang='grc' dir='ltr'>σαρκὶ,</span> <span class='ocrx_word' id='word_1_413' title='bbox 1561 3069 1644 3142; x_wconf 82' lang='grc' dir='ltr'>τῷ</span> <span class='ocrx_word' id='word_1_414' title='bbox 1687 3071 1886 3136; x_wconf 76' lang='grc' dir='ltr'>εἰπεῖν,</span> 
     </span>
    </p>
   </div>
   <div class='ocr_carea' id='block_1_49' title="bbox 283 3161 1888 3236">
    <p class='ocr_par' dir='ltr' id='par_1_49' title="bbox 283 3161 1888 3236">
     <span class='ocr_line' id='line_1_49' title="bbox 283 3161 1888 3236; baseline -0.004 -17"><span class='ocrx_word' id='word_1_415' title='bbox 283 3163 529 3236; x_wconf 80' lang='grc' dir='ltr'>Χριστοῦ</span> <span class='ocrx_word' id='word_1_416' title='bbox 555 3163 822 3228; x_wconf 85' lang='grc' dir='ltr'>παθόντος</span> <span class='ocrx_word' id='word_1_417' title='bbox 845 3166 1031 3235; x_wconf 79' lang='grc' dir='ltr'>σαρκὶ,</span> <span class='ocrx_word' id='word_1_418' title='bbox 1056 3164 1173 3227; x_wconf 78' lang='grc' dir='ltr'>πῶς</span> <span class='ocrx_word' id='word_1_419' title='bbox 1199 3163 1448 3228; x_wconf 81' lang='grc' dir='ltr'>δυνατὸν,</span> <span class='ocrx_word' id='word_1_420' title='bbox 1471 3162 1635 3216; x_wconf 75' lang='grc' dir='ltr'>πλέον</span> <span class='ocrx_word' id='word_1_421' title='bbox 1657 3161 1888 3214; x_wconf 77' lang='grc' dir='ltr'>οἰκειοῦ-</span> 
     </span>
    </p>
   </div>
   <div class='ocr_carea' id='block_1_50' title="bbox 286 3247 1877 3325">
    <p class='ocr_par' dir='ltr' id='par_1_50' title="bbox 286 3247 1877 3325">
     <span class='ocr_line' id='line_1_50' title="bbox 286 3247 1877 3325; baseline -0.004 -17"><span class='ocrx_word' id='word_1_422' title='bbox 286 3256 421 3308; x_wconf 86' lang='grc' dir='ltr'>σθαι</span> <span class='ocrx_word' id='word_1_423' title='bbox 463 3255 556 3308; x_wconf 86' lang='grc' dir='ltr'><strong>τὸν</strong></span> <span class='ocrx_word' id='word_1_424' title='bbox 598 3255 730 3308; x_wconf 82' lang='grc' dir='ltr'>Θεὸν</span> <span class='ocrx_word' id='word_1_425' title='bbox 766 3255 939 3317; x_wconf 88' lang='grc' dir='ltr'><strong>Λόγον</strong></span> <span class='ocrx_word' id='word_1_426' title='bbox 973 3254 1072 3324; x_wconf 83' lang='grc' dir='ltr'><strong>τῆς</strong></span> <span class='ocrx_word' id='word_1_427' title='bbox 1115 3255 1340 3325; x_wconf 85' lang='grc' dir='ltr'>σαρκὸς,</span> <span class='ocrx_word' id='word_1_428' title='bbox 1377 3247 1438 3306; x_wconf 74' lang='grc' dir='ltr'><strong>οὗ</strong></span> <span class='ocrx_word' id='word_1_429' title='bbox 1479 3251 1778 3305; x_wconf 71' lang='grc' dir='ltr'>οἰκειοῦται</span> <span class='ocrx_word' id='word_1_430' title='bbox 1810 3251 1877 3303; x_wconf 72' lang='grc' dir='ltr'><strong>τὰ</strong></span> 
     </span>
    </p>
   </div>
   <div class='ocr_carea' id='block_1_51' title="bbox 283 3344 1878 3417">
    <p class='ocr_par' dir='ltr' id='par_1_51' title="bbox 283 3344 1878 3417">
     <span class='ocr_line' id='line_1_51' title="bbox 283 3344 1878 3417; baseline -0.003 -17"><span class='ocrx_word' id='word_1_431' title='bbox 283 3346 387 3400; x_wconf 84' lang='grc' dir='ltr'><strong>τοῦ</strong></span> <span class='ocrx_word' id='word_1_432' title='bbox 416 3347 550 3400; x_wconf 82' lang='grc' dir='ltr'>Θεοῦ</span> <span class='ocrx_word' id='word_1_433' title='bbox 573 3347 748 3411; x_wconf 86' lang='grc' dir='ltr'><strong>Λόγου</strong></span> <span class='ocrx_word' id='word_1_434' title='bbox 777 3348 806 3399; x_wconf 90' lang='lat'><strong>6</strong></span> <span class='ocrx_word' id='word_1_435' title='bbox 836 3348 1072 3417; x_wconf 71' lang='grc' dir='ltr'>Πατήρς</span> <span class='ocrx_word' id='word_1_436' title='bbox 1119 3348 1244 3409; x_wconf 81' lang='grc' dir='ltr'><strong>Πῶς</strong></span> <span class='ocrx_word' id='word_1_437' title='bbox 1277 3345 1335 3398; x_wconf 83' lang='grc' dir='ltr'>δὲ</span> <span class='ocrx_word' id='word_1_438' title='bbox 1375 3347 1490 3410; x_wconf 70' lang='grc' dir='ltr'>καὶ,</span> <span class='ocrx_word' id='word_1_439' title='bbox 1521 3347 1571 3398; x_wconf 78' lang='grc' dir='ltr'>εἰ</span> <span class='ocrx_word' id='word_1_440' title='bbox 1600 3344 1878 3398; x_wconf 80' lang='grc' dir='ltr'>οἰκειώσει</span> 
     </span>
    </p>
   </div>
   <div class='ocr_carea' id='block_1_52' title="bbox 284 3433 1880 3510">
    <p class='ocr_par' dir='ltr' id='par_1_52' title="bbox 284 3433 1880 3510">
     <span class='ocr_line' id='line_1_52' title="bbox 284 3433 1880 3510; baseline -0.006 -16"><span class='ocrx_word' id='word_1_441' title='bbox 284 3442 319 3494; x_wconf 84' lang='grc' dir='ltr'>ὁ</span> <span class='ocrx_word' id='word_1_442' title='bbox 349 3439 480 3502; x_wconf 86' lang='grc' dir='ltr'>Θεὸς</span> <span class='ocrx_word' id='word_1_443' title='bbox 527 3440 701 3508; x_wconf 88' lang='grc' dir='ltr'><strong>Λόγος</strong></span> <span class='ocrx_word' id='word_1_444' title='bbox 743 3439 945 3509; x_wconf 83' lang='grc' dir='ltr'>πάσχει</span> <span class='ocrx_word' id='word_1_445' title='bbox 977 3438 1165 3510; x_wconf 76' lang='grc' dir='ltr'>σαρκὶ,</span> <span class='ocrx_word' id='word_1_446' title='bbox 1205 3437 1305 3491; x_wconf 81' lang='grc' dir='ltr'>οὐκ</span> <span class='ocrx_word' id='word_1_447' title='bbox 1350 3435 1504 3489; x_wconf 82' lang='grc' dir='ltr'>ἔσται</span> <span class='ocrx_word' id='word_1_448' title='bbox 1545 3433 1819 3488; x_wconf 79' lang='grc' dir='ltr'>οἰκειώσει</span> <span class='ocrx_word' id='word_1_449' title='bbox 1853 3437 1880 3485; x_wconf 89' lang='lat'><strong>6</strong></span> 
     </span>
    </p>
   </div>
   <div class='ocr_carea' id='block_1_53' title="bbox 285 3519 1881 3600">
    <p class='ocr_par' dir='ltr' id='par_1_53' title="bbox 285 3519 1881 3600">
     <span class='ocr_line' id='line_1_53' title="bbox 285 3519 1881 3600; baseline -0.008 -17"><span class='ocrx_word' id='word_1_450' title='bbox 285 3528 484 3600; x_wconf 81' lang='grc' dir='ltr'>Πατὴρ</span> <span class='ocrx_word' id='word_1_451' title='bbox 510 3528 590 3599; x_wconf 84' lang='grc' dir='ltr'>τῷ</span> <span class='ocrx_word' id='word_1_452' title='bbox 621 3527 743 3599; x_wconf 83' lang='grc' dir='ltr'>Θεῷ</span> <span class='ocrx_word' id='word_1_453' title='bbox 787 3527 948 3598; x_wconf 86' lang='grc' dir='ltr'><strong>Λόγῳ</strong></span> <span class='ocrx_word' id='word_1_454' title='bbox 979 3527 1246 3596; x_wconf 81' lang='grc' dir='ltr'>πάσχων;</span> <span class='ocrx_word' id='word_1_455' title='bbox 1298 3523 1412 3576; x_wconf 72' lang='grc' dir='ltr'><strong>Καὶ</strong></span> <span class='ocrx_word' id='word_1_456' title='bbox 1447 3523 1495 3574; x_wconf 87' lang='grc' dir='ltr'>εὶ</span> <span class='ocrx_word' id='word_1_457' title='bbox 1539 3519 1814 3573; x_wconf 78' lang='grc' dir='ltr'>ἀπέθανεν</span> <span class='ocrx_word' id='word_1_458' title='bbox 1852 3520 1881 3571; x_wconf 90' lang='lat'><strong>6</strong></span> 
     </span>
    </p>
   </div>
   <div class='ocr_carea' id='block_1_54' title="bbox 285 3609 1883 3687">
    <p class='ocr_par' dir='ltr' id='par_1_54' title="bbox 285 3609 1883 3687">
     <span class='ocr_line' id='line_1_54' title="bbox 285 3609 1883 3687; baseline -0.007 -15"><span class='ocrx_word' id='word_1_459' title='bbox 285 3618 425 3682; x_wconf 85' lang='grc' dir='ltr'>Θεὸς</span> <span class='ocrx_word' id='word_1_460' title='bbox 472 3619 644 3686; x_wconf 88' lang='grc' dir='ltr'><strong>Λόγος</strong></span> <span class='ocrx_word' id='word_1_461' title='bbox 679 3619 878 3687; x_wconf 78' lang='grc' dir='ltr'>σαρκὶ,</span> <span class='ocrx_word' id='word_1_462' title='bbox 915 3617 1036 3679; x_wconf 86' lang='grc' dir='ltr'>πῶς</span> <span class='ocrx_word' id='word_1_463' title='bbox 1074 3619 1226 3668; x_wconf 76' lang='grc' dir='ltr'>ἐστιν</span> <span class='ocrx_word' id='word_1_464' title='bbox 1271 3611 1556 3683; x_wconf 86' lang='grc' dir='ltr'>ὁμοούσιος</span> <span class='ocrx_word' id='word_1_465' title='bbox 1589 3609 1668 3680; x_wconf 81' lang='grc' dir='ltr'>τῷ</span> <span class='ocrx_word' id='word_1_466' title='bbox 1709 3610 1883 3678; x_wconf 71' lang='grc' dir='ltr'>Πατρὶ</span> 
     </span>
    </p>
   </div>
   <div class='ocr_carea' id='block_1_55' title="bbox 285 3702 1884 3781">
    <p class='ocr_par' dir='ltr' id='par_1_55' title="bbox 285 3702 1884 3781">
     <span class='ocr_line' id='line_1_55' title="bbox 285 3702 1884 3781; baseline -0.007 -18"><span class='ocrx_word' id='word_1_467' title='bbox 285 3713 360 3780; x_wconf 80' lang='grc' dir='ltr'>τῇ</span> <span class='ocrx_word' id='word_1_468' title='bbox 395 3709 704 3781; x_wconf 71' lang='grc' dir='ltr'>ἀθανασίας</span> <span class='ocrx_word' id='word_1_469' title='bbox 753 3712 782 3762; x_wconf 90' lang='lat'><strong>6</strong></span> <span class='ocrx_word' id='word_1_470' title='bbox 828 3708 938 3779; x_wconf 83' lang='grc' dir='ltr'><strong>γὰρ</strong></span> <span class='ocrx_word' id='word_1_471' title='bbox 970 3706 1147 3761; x_wconf 79' lang='grc' dir='ltr'>θανὼν</span> <span class='ocrx_word' id='word_1_472' title='bbox 1189 3707 1330 3775; x_wconf 80' lang='grc' dir='ltr'>ὑπὲρ</span> <span class='ocrx_word' id='word_1_473' title='bbox 1363 3703 1522 3775; x_wconf 83' lang='grc' dir='ltr'>ήμῶν</span> <span class='ocrx_word' id='word_1_474' title='bbox 1545 3743 1559 3768; x_wconf 92' lang='grc'><strong>,</strong></span> <span class='ocrx_word' id='word_1_475' title='bbox 1593 3703 1694 3755; x_wconf 79' lang='grc' dir='ltr'><strong>οὐκ</strong></span> <span class='ocrx_word' id='word_1_476' title='bbox 1736 3702 1884 3754; x_wconf 72' lang='grc' dir='ltr'>ἔστιν</span> 
     </span>
    </p>
   </div>
   <div class='ocr_carea' id='block_1_56' title="bbox 288 3791 1885 3872">
    <p class='ocr_par' dir='ltr' id='par_1_56' title="bbox 288 3791 1885 3872">
     <span class='ocr_line' id='line_1_56' title="bbox 288 3791 1885 3872; baseline -0.008 -17"><span class='ocrx_word' id='word_1_477' title='bbox 288 3801 582 3864; x_wconf 71' lang='grc' dir='ltr'>ἀθάνατοςο</span> <span class='ocrx_word' id='word_1_478' title='bbox 631 3799 873 3854; x_wconf 77' lang='grc' dir='ltr'>ἀπέθανε</span> <span class='ocrx_word' id='word_1_479' title='bbox 904 3802 1036 3872; x_wconf 83' lang='grc' dir='ltr'>γὰρ,</span> <span class='ocrx_word' id='word_1_480' title='bbox 1068 3797 1213 3852; x_wconf 75' lang='grc' dir='ltr'>κατὰ</span> <span class='ocrx_word' id='word_1_481' title='bbox 1257 3796 1355 3858; x_wconf 81' lang='grc' dir='ltr'>τᾶς</span> <span class='ocrx_word' id='word_1_482' title='bbox 1401 3793 1648 3862; x_wconf 89' lang='grc' dir='ltr'>Γραφάς.</span> <span class='ocrx_word' id='word_1_483' title='bbox 1699 3793 1808 3845; x_wconf 70' lang='grc' dir='ltr'>Καὶ</span> <span class='ocrx_word' id='word_1_484' title='bbox 1836 3791 1885 3844; x_wconf 80' lang='grc' dir='ltr'>εἰ</span> 
     </span>
    </p>
   </div>
   <div class='ocr_carea' id='block_1_57' title="bbox 289 3881 1886 3963">
    <p class='ocr_par' dir='ltr' id='par_1_57' title="bbox 289 3881 1886 3963">
     <span class='ocr_line' id='line_1_57' title="bbox 289 3881 1886 3963; baseline -0.008 -18"><span class='ocrx_word' id='word_1_485' title='bbox 289 3887 376 3957; x_wconf 73' lang='grc' dir='ltr'><strong>εἷς</strong></span> <span class='ocrx_word' id='word_1_486' title='bbox 401 3894 501 3963; x_wconf 82' lang='grc' dir='ltr'><strong>τῆς</strong></span> <span class='ocrx_word' id='word_1_487' title='bbox 540 3890 771 3962; x_wconf 84' lang='grc' dir='ltr'>Τριάδος</span> <span class='ocrx_word' id='word_1_488' title='bbox 793 3890 1063 3955; x_wconf 82' lang='grc' dir='ltr'>ἀπέθανε,</span> <span class='ocrx_word' id='word_1_489' title='bbox 1094 3889 1228 3941; x_wconf 83' lang='grc' dir='ltr'>ποτὲ</span> <span class='ocrx_word' id='word_1_490' title='bbox 1254 3885 1386 3949; x_wconf 77' lang='grc' dir='ltr'><strong>δυὰς</strong></span> <span class='ocrx_word' id='word_1_491' title='bbox 1414 3885 1450 3962; x_wconf 73' lang='grc' dir='ltr'>ἡ</span> <span class='ocrx_word' id='word_1_492' title='bbox 1477 3884 1671 3955; x_wconf 84' lang='grc' dir='ltr'>Τριάς.</span> <span class='ocrx_word' id='word_1_493' title='bbox 1701 3881 1813 3935; x_wconf 75' lang='grc' dir='ltr'><strong>Καὶ</strong></span> <span class='ocrx_word' id='word_1_494' title='bbox 1837 3881 1886 3934; x_wconf 79' lang='grc' dir='ltr'>εἱ</span> 
     </span>
    </p>
   </div>
   <div class='ocr_carea' id='block_1_58' title="bbox 287 3973 1888 4056">
    <p class='ocr_par' dir='ltr' id='par_1_58' title="bbox 287 3973 1888 4056">
     <span class='ocr_line' id='line_1_58' title="bbox 287 3973 1888 4056; baseline -0.009 -16"><span class='ocrx_word' id='word_1_495' title='bbox 287 3985 423 4049; x_wconf 79' lang='grc' dir='ltr'><strong>δυὰς</strong></span> <span class='ocrx_word' id='word_1_496' title='bbox 453 3987 487 4056; x_wconf 79' lang='grc' dir='ltr'>ἡ</span> <span class='ocrx_word' id='word_1_497' title='bbox 519 3986 692 4056; x_wconf 84' lang='grc' dir='ltr'>Τριάς</span> <span class='ocrx_word' id='word_1_498' title='bbox 726 3985 788 4038; x_wconf 84' lang='grc' dir='ltr'><strong>οὺ</strong></span> <span class='ocrx_word' id='word_1_499' title='bbox 824 3984 1019 4054; x_wconf 73' lang='grc' dir='ltr'><strong>γέγονέ</strong></span> <span class='ocrx_word' id='word_1_500' title='bbox 1055 3999 1208 4048; x_wconf 89' lang='grc' dir='ltr'>ποτε,</span> <span class='ocrx_word' id='word_1_501' title='bbox 1258 3979 1375 4043; x_wconf 83' lang='grc' dir='ltr'><strong>πῶς</strong></span> <span class='ocrx_word' id='word_1_502' title='bbox 1401 3973 1482 4042; x_wconf 78' lang='grc' dir='ltr'>εἷς</span> <span class='ocrx_word' id='word_1_503' title='bbox 1510 3977 1613 4048; x_wconf 84' lang='grc' dir='ltr'>τῆς</span> <span class='ocrx_word' id='word_1_504' title='bbox 1659 3975 1888 4048; x_wconf 83' lang='grc' dir='ltr'>Τριάδος</span> 
     </span>
    </p>
   </div>
   <div class='ocr_carea' id='block_1_59' title="bbox 287 4067 1882 4147">
    <p class='ocr_par' dir='ltr' id='par_1_59' title="bbox 287 4067 1882 4147">
     <span class='ocr_line' id='line_1_59' title="bbox 287 4067 1882 4147; baseline -0.007 -17"><span class='ocrx_word' id='word_1_505' title='bbox 287 4075 606 4144; x_wconf 82' lang='grc' dir='ltr'>ἀπέθανεν;</span> <span class='ocrx_word' id='word_1_506' title='bbox 650 4077 718 4130; x_wconf 87' lang='lat' dir='ltr'><strong>Ei&#39;</strong></span> <span class='ocrx_word' id='word_1_507' title='bbox 753 4093 817 4146; x_wconf 91' lang='grc' dir='ltr'><strong>γε</strong></span> <span class='ocrx_word' id='word_1_508' title='bbox 860 4079 894 4147; x_wconf 77' lang='grc' dir='ltr'><strong>ἡ</strong></span> <span class='ocrx_word' id='word_1_509' title='bbox 943 4075 1109 4146; x_wconf 78' lang='grc' dir='ltr'>ἑτέρα</span> <span class='ocrx_word' id='word_1_510' title='bbox 1161 4071 1326 4143; x_wconf 80' lang='grc' dir='ltr'>φύσις</span> <span class='ocrx_word' id='word_1_511' title='bbox 1369 4069 1464 4124; x_wconf 87' lang='grc' dir='ltr'><strong>τοῦ</strong></span> <span class='ocrx_word' id='word_1_512' title='bbox 1510 4067 1645 4122; x_wconf 88' lang='grc' dir='ltr'>Θεοῦ</span> <span class='ocrx_word' id='word_1_513' title='bbox 1683 4067 1882 4136; x_wconf 85' lang='grc' dir='ltr'><strong>Λόγου,</strong></span> 
     </span>
    </p>
   </div>
   <div class='ocr_carea' id='block_1_60' title="bbox 287 4159 1891 4242">
    <p class='ocr_par' dir='ltr' id='par_1_60' title="bbox 287 4159 1891 4242">
     <span class='ocr_line' id='line_1_60' title="bbox 287 4159 1891 4242; baseline -0.007 -20"><span class='ocrx_word' id='word_1_514' title='bbox 287 4165 405 4224; x_wconf 81' lang='grc' dir='ltr'>οἷον</span> <span class='ocrx_word' id='word_1_515' title='bbox 443 4171 477 4240; x_wconf 84' lang='grc' dir='ltr'>ὴ</span> <span class='ocrx_word' id='word_1_516' title='bbox 529 4168 642 4224; x_wconf 86' lang='grc' dir='ltr'><strong>τῶν</strong></span> <span class='ocrx_word' id='word_1_517' title='bbox 689 4169 1000 4242; x_wconf 83' lang='grc' dir='ltr'>ἀνθρώπων</span> <span class='ocrx_word' id='word_1_518' title='bbox 1035 4167 1222 4239; x_wconf 85' lang='grc' dir='ltr'>φύσις,</span> <span class='ocrx_word' id='word_1_519' title='bbox 1254 4167 1355 4219; x_wconf 86' lang='grc' dir='ltr'><strong>οὐκ</strong></span> <span class='ocrx_word' id='word_1_520' title='bbox 1400 4163 1611 4216; x_wconf 76' lang='grc' dir='ltr'>ἔθανεν.</span> <span class='ocrx_word' id='word_1_521' title='bbox 1655 4161 1719 4214; x_wconf 81' lang='lat' dir='ltr'><strong>Ei</strong></span> <span class='ocrx_word' id='word_1_522' title='bbox 1751 4159 1810 4213; x_wconf 80' lang='grc' dir='ltr'><strong>δὲ</strong></span> <span class='ocrx_word' id='word_1_523' title='bbox 1857 4161 1891 4232; x_wconf 74' lang='grc' dir='ltr'>ἡ</span> 
     </span>
    </p>
   </div>
   <div class='ocr_carea' id='block_1_61' title="bbox 287 4251 1891 4334">
    <p class='ocr_par' dir='ltr' id='par_1_61' title="bbox 287 4251 1891 4334">
     <span class='ocr_line' id='line_1_61' title="bbox 287 4251 1891 4334; baseline -0.006 -20"><span class='ocrx_word' id='word_1_524' title='bbox 287 4262 554 4334; x_wconf 72' lang='grc' dir='ltr'>τρισαγία</span> <span class='ocrx_word' id='word_1_525' title='bbox 607 4262 799 4334; x_wconf 81' lang='grc' dir='ltr'>φωνὴ,</span> <span class='ocrx_word' id='word_1_526' title='bbox 851 4261 1043 4334; x_wconf 76' lang='grc' dir='ltr'>Τριὰς,</span> <span class='ocrx_word' id='word_1_527' title='bbox 1095 4260 1195 4330; x_wconf 83' lang='grc' dir='ltr'><strong>οὐχ</strong></span> <span class='ocrx_word' id='word_1_528' title='bbox 1228 4256 1558 4327; x_wconf 76' lang='grc' dir='ltr'>ὑφίσταται,</span> <span class='ocrx_word' id='word_1_529' title='bbox 1599 4253 1762 4322; x_wconf 82' lang='grc' dir='ltr'>δῆλον</span> <span class='ocrx_word' id='word_1_530' title='bbox 1809 4251 1891 4305; x_wconf 86' lang='grc' dir='ltr'>ὅτι</span> 
     </span>
    </p>
   </div>
   <div class='ocr_carea' id='block_1_62' title="bbox 295 4343 1894 4429">
    <p class='ocr_par' dir='ltr' id='par_1_62' title="bbox 295 4343 1894 4429">
     <span class='ocr_line' id='line_1_62' title="bbox 295 4343 1894 4429; baseline -0.009 -19"><span class='ocrx_word' id='word_1_531' title='bbox 295 4357 428 4429; x_wconf 83' lang='grc' dir='ltr'>μιᾶς</span> <span class='ocrx_word' id='word_1_532' title='bbox 461 4357 816 4420; x_wconf 81' lang='grc' dir='ltr'>ὑποστάσεως</span> <span class='ocrx_word' id='word_1_533' title='bbox 847 4351 988 4409; x_wconf 69' lang='grc' dir='ltr'>εἶναι</span> <span class='ocrx_word' id='word_1_534' title='bbox 1017 4353 1202 4419; x_wconf 83' lang='grc' dir='ltr'>λέγεις</span> <span class='ocrx_word' id='word_1_535' title='bbox 1228 4351 1330 4420; x_wconf 81' lang='grc' dir='ltr'><strong>τὴν</strong></span> <span class='ocrx_word' id='word_1_536' title='bbox 1366 4346 1596 4419; x_wconf 85' lang='grc' dir='ltr'>Τριάδα.</span> <span class='ocrx_word' id='word_1_537' title='bbox 1629 4344 1742 4399; x_wconf 75' lang='grc' dir='ltr'>Καὶ</span> <span class='ocrx_word' id='word_1_538' title='bbox 1775 4343 1894 4407; x_wconf 87' lang='grc' dir='ltr'><strong>πῶς</strong></span> 
     </span>
    </p>
   </div>
   <div class='ocr_carea' id='block_1_63' title="bbox 291 4435 1894 4509">
    <p class='ocr_par' dir='ltr' id='par_1_63' title="bbox 291 4435 1894 4509">
     <span class='ocr_line' id='line_1_63' title="bbox 291 4435 1894 4509; baseline -0.011 -5"><span class='ocrx_word' id='word_1_539' title='bbox 291 4450 353 4504; x_wconf 87' lang='grc' dir='ltr'>οὐ</span> <span class='ocrx_word' id='word_1_540' title='bbox 385 4449 666 4504; x_wconf 85' lang='grc' dir='ltr'>δείκνυσαι</span> <span class='ocrx_word' id='word_1_541' title='bbox 690 4443 834 4502; x_wconf 76' lang='grc' dir='ltr'>εἶναι</span> <span class='ocrx_word' id='word_1_542' title='bbox 859 4444 1218 4507; x_wconf 75' lang='grc' dir='ltr'>Σαϐελλιανός</span> <span class='ocrx_word' id='word_1_543' title='bbox 1241 4459 1256 4509; x_wconf 89' lang='grc'><strong>;</strong></span> <span class='ocrx_word' id='word_1_544' title='bbox 1281 4443 1343 4494; x_wconf 88' lang='grc' dir='ltr'><strong>Εἰ</strong></span> <span class='ocrx_word' id='word_1_545' title='bbox 1370 4440 1428 4493; x_wconf 83' lang='grc' dir='ltr'><strong>δὲ</strong></span> <span class='ocrx_word' id='word_1_546' title='bbox 1458 4441 1516 4492; x_wconf 84' lang='grc' dir='ltr'>ὲν</span> <span class='ocrx_word' id='word_1_547' title='bbox 1545 4435 1728 4507; x_wconf 79' lang='grc' dir='ltr'>τρισὶν</span> <span class='ocrx_word' id='word_1_548' title='bbox 1757 4435 1894 4489; x_wconf 86' lang='grc' dir='ltr'>ὑπο-</span> 
     </span>
    </p>
   </div>
   <div class='ocr_carea' id='block_1_64' title="bbox 2001 1948 3598 2040">
    <p class='ocr_par' dir='ltr' id='par_1_64' title="bbox 2001 1948 3598 2040">
     <span class='ocr_line' id='line_1_64' title="bbox 2001 1948 3598 2040; baseline 0.016 -40"><span class='ocrx_word' id='word_1_549' title='bbox 2001 1948 2280 2016; x_wconf 87' lang='lat' dir='ltr'><strong>passibilis</strong></span> <span class='ocrx_word' id='word_1_550' title='bbox 2311 1964 2396 2006; x_wconf 91' lang='lat' dir='ltr'><strong>est</strong></span> <span class='ocrx_word' id='word_1_551' title='bbox 2428 1950 2696 2022; x_wconf 84' lang='lat' dir='ltr'><strong>Trinitas,</strong></span> <span class='ocrx_word' id='word_1_552' title='bbox 2734 1958 3008 2026; x_wconf 88' lang='lat' dir='ltr'><strong>quomodo</strong></span> <span class='ocrx_word' id='word_1_553' title='bbox 3033 1958 3178 2018; x_wconf 86' lang='lat' dir='ltr'><strong>Deus</strong></span> <span class='ocrx_word' id='word_1_554' title='bbox 3208 1964 3440 2022; x_wconf 88' lang='lat' dir='ltr'><strong>Verbum</strong></span> <span class='ocrx_word' id='word_1_555' title='bbox 3474 1987 3598 2040; x_wconf 86' lang='lat' dir='ltr'><strong>pas-</strong></span> 
     </span>
    </p>
   </div>
   <div class='ocr_carea' id='block_1_65' title="bbox 1999 2044 3596 2131">
    <p class='ocr_par' dir='ltr' id='par_1_65' title="bbox 1999 2044 3596 2131">
     <span class='ocr_line' id='line_1_65' title="bbox 1999 2044 3596 2131; baseline 0.015 -36"><span class='ocrx_word' id='word_1_556' title='bbox 1999 2055 2091 2096; x_wconf 86' lang='lat' dir='ltr'><strong>sus</strong></span> <span class='ocrx_word' id='word_1_557' title='bbox 2127 2051 2211 2097; x_wconf 90' lang='lat' dir='ltr'><strong>est</strong></span> <span class='ocrx_word' id='word_1_558' title='bbox 2241 2058 2340 2112; x_wconf 91' lang='lat' dir='ltr'><strong>pro</strong></span> <span class='ocrx_word' id='word_1_559' title='bbox 2371 2044 2573 2101; x_wconf 89' lang='lat' dir='ltr'><strong>nobis?</strong></span> <span class='ocrx_word' id='word_1_560' title='bbox 2603 2047 2658 2102; x_wconf 91' lang='lat' dir='ltr'><strong>Si</strong></span> <span class='ocrx_word' id='word_1_561' title='bbox 2701 2057 2886 2105; x_wconf 88' lang='lat' dir='ltr'><strong>autem</strong></span> <span class='ocrx_word' id='word_1_562' title='bbox 2918 2067 3022 2106; x_wconf 90' lang='lat' dir='ltr'><strong>non</strong></span> <span class='ocrx_word' id='word_1_563' title='bbox 3057 2067 3251 2122; x_wconf 88' lang='lat' dir='ltr'><strong>passus</strong></span> <span class='ocrx_word' id='word_1_564' title='bbox 3289 2069 3408 2124; x_wconf 84' lang='lat' dir='ltr'><strong>est,</strong></span> <span class='ocrx_word' id='word_1_565' title='bbox 3455 2077 3596 2131; x_wconf 83' lang='lat' dir='ltr'><strong>quo—</strong></span> 
     </span>
    </p>
   </div>
   <div class='ocr_carea' id='block_1_66' title="bbox 2001 2133 3594 2214">
    <p class='ocr_par' dir='ltr' id='par_1_66' title="bbox 2001 2133 3594 2214">
     <span class='ocr_line' id='line_1_66' title="bbox 2001 2133 3594 2214; baseline 0.014 -28"><span class='ocrx_word' id='word_1_566' title='bbox 2001 2133 2164 2190; x_wconf 91' lang='lat' dir='ltr'><strong>modo</strong></span> <span class='ocrx_word' id='word_1_567' title='bbox 2223 2135 2395 2190; x_wconf 85' lang='lat' dir='ltr'><strong>altera</strong></span> <span class='ocrx_word' id='word_1_568' title='bbox 2443 2147 2637 2192; x_wconf 87' lang='lat' dir='ltr'><strong>natura</strong></span> <span class='ocrx_word' id='word_1_569' title='bbox 2689 2141 2873 2196; x_wconf 86' lang='lat' dir='ltr'><strong>carnis</strong></span> <span class='ocrx_word' id='word_1_570' title='bbox 2926 2157 3036 2197; x_wconf 87' lang='lat' dir='ltr'><strong>non</strong></span> <span class='ocrx_word' id='word_1_571' title='bbox 3085 2155 3167 2200; x_wconf 87' lang='lat' dir='ltr'><strong>est</strong></span> <span class='ocrx_word' id='word_1_572' title='bbox 3212 2150 3413 2214; x_wconf 85' lang='lat' dir='ltr'><strong>passa?</strong></span> <span class='ocrx_word' id='word_1_573' title='bbox 3448 2151 3512 2206; x_wconf 84' lang='lat' dir='ltr'><strong>Et</strong></span> <span class='ocrx_word' id='word_1_574' title='bbox 3546 2153 3594 2208; x_wconf 97' lang='lat' dir='ltr'><strong>si</strong></span> 
     </span>
    </p>
   </div>
   <div class='ocr_carea' id='block_1_67' title="bbox 1998 2232 3591 2304">
    <p class='ocr_par' dir='ltr' id='par_1_67' title="bbox 1998 2232 3591 2304">
     <span class='ocr_line' id='line_1_67' title="bbox 1998 2232 3591 2304; baseline 0.013 -24"><span class='ocrx_word' id='word_1_575' title='bbox 1998 2241 2160 2280; x_wconf 91' lang='lat' dir='ltr'><strong>omne</strong></span> <span class='ocrx_word' id='word_1_576' title='bbox 2194 2232 2406 2296; x_wconf 86' lang='lat' dir='ltr'><strong>patiens</strong></span> <span class='ocrx_word' id='word_1_577' title='bbox 2441 2239 2684 2284; x_wconf 87' lang='lat' dir='ltr'><strong>creatum</strong></span> <span class='ocrx_word' id='word_1_578' title='bbox 2720 2245 2824 2298; x_wconf 92' lang='lat' dir='ltr'><strong>est,</strong></span> <span class='ocrx_word' id='word_1_579' title='bbox 2871 2236 3146 2304; x_wconf 87' lang='lat' dir='ltr'><strong>quomodo</strong></span> <span class='ocrx_word' id='word_1_580' title='bbox 3184 2237 3325 2296; x_wconf 86' lang='lat' dir='ltr'><strong>Deus</strong></span> <span class='ocrx_word' id='word_1_581' title='bbox 3357 2241 3591 2300; x_wconf 86' lang='lat' dir='ltr'><strong>Verbum</strong></span> 
     </span>
    </p>
   </div>
   <div class='ocr_carea' id='block_1_68' title="bbox 1999 2325 3594 2392">
    <p class='ocr_par' dir='ltr' id='par_1_68' title="bbox 1999 2325 3594 2392">
     <span class='ocr_line' id='line_1_68' title="bbox 1999 2325 3594 2392; baseline 0.014 -22"><span class='ocrx_word' id='word_1_582' title='bbox 1999 2335 2104 2372; x_wconf 89' lang='lat' dir='ltr'><strong>non</strong></span> <span class='ocrx_word' id='word_1_583' title='bbox 2141 2331 2225 2374; x_wconf 85' lang='lat' dir='ltr'><strong>est</strong></span> <span class='ocrx_word' id='word_1_584' title='bbox 2263 2331 2480 2377; x_wconf 87' lang='lat' dir='ltr'><strong>creatus</strong></span> <span class='ocrx_word' id='word_1_585' title='bbox 2505 2363 2519 2388; x_wconf 95' lang='lat'><strong>,</strong></span> <span class='ocrx_word' id='word_1_586' title='bbox 2581 2325 2798 2392; x_wconf 88' lang='lat' dir='ltr'><strong>patiens</strong></span> <span class='ocrx_word' id='word_1_587' title='bbox 2839 2328 3048 2381; x_wconf 87' lang='lat' dir='ltr'><strong>carne?</strong></span> <span class='ocrx_word' id='word_1_588' title='bbox 3080 2329 3135 2383; x_wconf 90' lang='lat' dir='ltr'><strong>Si</strong></span> <span class='ocrx_word' id='word_1_589' title='bbox 3193 2342 3373 2387; x_wconf 89' lang='lat' dir='ltr'><strong>autem</strong></span> <span class='ocrx_word' id='word_1_590' title='bbox 3427 2350 3594 2392; x_wconf 80' lang='lat' dir='ltr'><strong>canae</strong></span> 
     </span>
    </p>
   </div>
   <div class='ocr_carea' id='block_1_69' title="bbox 1998 2411 3596 2493">
    <p class='ocr_par' dir='ltr' id='par_1_69' title="bbox 1998 2411 3596 2493">
     <span class='ocr_line' id='line_1_69' title="bbox 1998 2411 3596 2493; baseline 0.014 -30"><span class='ocrx_word' id='word_1_591' title='bbox 1998 2413 2203 2480; x_wconf 88' lang='lat' dir='ltr'><strong>patitur</strong></span> <span class='ocrx_word' id='word_1_592' title='bbox 2241 2411 2406 2478; x_wconf 87' lang='lat' dir='ltr'><strong>Deus,</strong></span> <span class='ocrx_word' id='word_1_593' title='bbox 2438 2419 2710 2484; x_wconf 89' lang='lat' dir='ltr'><strong>quomodo</strong></span> <span class='ocrx_word' id='word_1_594' title='bbox 2746 2433 2852 2472; x_wconf 90' lang='lat' dir='ltr'><strong>non</strong></span> <span class='ocrx_word' id='word_1_595' title='bbox 2889 2421 3094 2488; x_wconf 87' lang='lat' dir='ltr'><strong>patitur</strong></span> <span class='ocrx_word' id='word_1_596' title='bbox 3140 2423 3242 2478; x_wconf 90' lang='lat' dir='ltr'><strong>sibi</strong></span> <span class='ocrx_word' id='word_1_597' title='bbox 3271 2425 3375 2493; x_wconf 89' lang='lat' dir='ltr'><strong>ipsi</strong></span> <span class='ocrx_word' id='word_1_598' title='bbox 3404 2426 3547 2485; x_wconf 87' lang='lat' dir='ltr'><strong>Deus</strong></span> <span class='ocrx_word' id='word_1_599' title='bbox 3568 2429 3596 2485; x_wconf 64' lang='grc' dir='ltr'><strong>ἲ</strong></span> 
     </span>
    </p>
   </div>
   <div class='ocr_carea' id='block_1_70' title="bbox 2001 2504 3589 2588">
    <p class='ocr_par' dir='ltr' id='par_1_70' title="bbox 2001 2504 3589 2588">
     <span class='ocr_line' id='line_1_70' title="bbox 2001 2504 3589 2588; baseline 0.011 -30"><span class='ocrx_word' id='word_1_600' title='bbox 2001 2504 2058 2558; x_wconf 88' lang='lat' dir='ltr'><strong>Si</strong></span> <span class='ocrx_word' id='word_1_601' title='bbox 2121 2514 2306 2558; x_wconf 86' lang='lat' dir='ltr'><strong>autem</strong></span> <span class='ocrx_word' id='word_1_602' title='bbox 2350 2506 2491 2561; x_wconf 88' lang='lat' dir='ltr'><strong>idem</strong></span> <span class='ocrx_word' id='word_1_603' title='bbox 2528 2516 2611 2561; x_wconf 91' lang='lat' dir='ltr'><strong>est</strong></span> <span class='ocrx_word' id='word_1_604' title='bbox 2647 2509 2867 2575; x_wconf 88' lang='lat' dir='ltr'><strong>dicere,</strong></span> <span class='ocrx_word' id='word_1_605' title='bbox 2913 2511 3080 2566; x_wconf 90' lang='lat' dir='ltr'><strong>Deum</strong></span> <span class='ocrx_word' id='word_1_606' title='bbox 3118 2529 3335 2584; x_wconf 87' lang='lat' dir='ltr'><strong>passum</strong></span> <span class='ocrx_word' id='word_1_607' title='bbox 3385 2534 3589 2588; x_wconf 87' lang='lat' dir='ltr'><strong>carne;</strong></span> 
     </span>
    </p>
   </div>
   <div class='ocr_carea' id='block_1_71' title="bbox 1996 2593 3594 2678">
    <p class='ocr_par' dir='ltr' id='par_1_71' title="bbox 1996 2593 3594 2678">
     <span class='ocr_line' id='line_1_71' title="bbox 1996 2593 3594 2678; baseline 0.016 -33"><span class='ocrx_word' id='word_1_608' title='bbox 1996 2603 2051 2645; x_wconf 90' lang='lat' dir='ltr'><strong>et</strong></span> <span class='ocrx_word' id='word_1_609' title='bbox 2107 2593 2339 2661; x_wconf 86' lang='lat' dir='ltr'><strong>dicere,</strong></span> <span class='ocrx_word' id='word_1_610' title='bbox 2413 2595 2692 2651; x_wconf 86' lang='lat' dir='ltr'><strong>Christum</strong></span> <span class='ocrx_word' id='word_1_611' title='bbox 2747 2613 2971 2667; x_wconf 90' lang='lat' dir='ltr'><strong>passum</strong></span> <span class='ocrx_word' id='word_1_612' title='bbox 3020 2618 3187 2660; x_wconf 85' lang='lat' dir='ltr'><strong>carne</strong></span> <span class='ocrx_word' id='word_1_613' title='bbox 3236 2622 3250 2659; x_wconf 90' lang='lat'><strong>:</strong></span> <span class='ocrx_word' id='word_1_614' title='bbox 3319 2613 3594 2678; x_wconf 90' lang='lat' dir='ltr'><strong>quomodo</strong></span> 
     </span>
    </p>
   </div>
   <div class='ocr_carea' id='block_1_72' title="bbox 1998 2686 3590 2772">
    <p class='ocr_par' dir='ltr' id='par_1_72' title="bbox 1998 2686 3590 2772">
     <span class='ocr_line' id='line_1_72' title="bbox 1998 2686 3590 2772; baseline 0.013 -34"><span class='ocrx_word' id='word_1_615' title='bbox 1998 2700 2103 2740; x_wconf 89' lang='lat' dir='ltr'><strong>non</strong></span> <span class='ocrx_word' id='word_1_616' title='bbox 2131 2688 2236 2741; x_wconf 87' lang='lat' dir='ltr'><strong>erit</strong></span> <span class='ocrx_word' id='word_1_617' title='bbox 2277 2686 2419 2741; x_wconf 92' lang='lat' dir='ltr'><strong>idem</strong></span> <span class='ocrx_word' id='word_1_618' title='bbox 2449 2688 2654 2756; x_wconf 85' lang='lat' dir='ltr'><strong>dicere,</strong></span> <span class='ocrx_word' id='word_1_619' title='bbox 2696 2689 2961 2759; x_wconf 88' lang='lat' dir='ltr'><strong>Spiritum</strong></span> <span class='ocrx_word' id='word_1_620' title='bbox 2991 2694 3234 2752; x_wconf 83' lang='lat' dir='ltr'><strong>divinum</strong></span> <span class='ocrx_word' id='word_1_621' title='bbox 3263 2714 3430 2756; x_wconf 88' lang='lat' dir='ltr'><strong>carne</strong></span> <span class='ocrx_word' id='word_1_622' title='bbox 3456 2705 3590 2772; x_wconf 81' lang='lat' dir='ltr'><strong>pati,</strong></span> 
     </span>
    </p>
   </div>
   <div class='ocr_carea' id='block_1_73' title="bbox 1995 2776 3590 2861">
    <p class='ocr_par' dir='ltr' id='par_1_73' title="bbox 1995 2776 3590 2861">
     <span class='ocr_line' id='line_1_73' title="bbox 1995 2776 3590 2861; baseline 0.013 -30"><span class='ocrx_word' id='word_1_623' title='bbox 1995 2792 2119 2832; x_wconf 92' lang='lat' dir='ltr'><strong>cum</strong></span> <span class='ocrx_word' id='word_1_624' title='bbox 2149 2776 2388 2849; x_wconf 85' lang='lat' dir='ltr'><strong>Spiritus</strong></span> <span class='ocrx_word' id='word_1_625' title='bbox 2412 2779 2557 2836; x_wconf 81' lang='lat' dir='ltr'><strong>Deus</strong></span> <span class='ocrx_word' id='word_1_626' title='bbox 2585 2782 2703 2836; x_wconf 84' lang='lat' dir='ltr'><strong>sit?</strong></span> <span class='ocrx_word' id='word_1_627' title='bbox 2735 2781 2790 2838; x_wconf 93' lang='lat' dir='ltr'><strong>Si</strong></span> <span class='ocrx_word' id='word_1_628' title='bbox 2828 2799 3011 2842; x_wconf 86' lang='lat' dir='ltr'><strong>autem</strong></span> <span class='ocrx_word' id='word_1_629' title='bbox 3043 2803 3152 2843; x_wconf 91' lang='lat' dir='ltr'><strong>non</strong></span> <span class='ocrx_word' id='word_1_630' title='bbox 3191 2791 3392 2861; x_wconf 85' lang='lat' dir='ltr'><strong>simile,</strong></span> <span class='ocrx_word' id='word_1_631' title='bbox 3422 2794 3590 2852; x_wconf 87' lang='lat' dir='ltr'><strong>Deum</strong></span> 
     </span>
    </p>
   </div>
   <div class='ocr_carea' id='block_1_74' title="bbox 1994 2872 3592 2959">
    <p class='ocr_par' dir='ltr' id='par_1_74' title="bbox 1994 2872 3592 2959">
     <span class='ocr_line' id='line_1_74' title="bbox 1994 2872 3592 2959; baseline 0.016 -37"><span class='ocrx_word' id='word_1_632' title='bbox 1994 2883 2217 2938; x_wconf 89' lang='lat' dir='ltr'><strong>passum</strong></span> <span class='ocrx_word' id='word_1_633' title='bbox 2239 2885 2408 2926; x_wconf 87' lang='lat' dir='ltr'><strong>carne</strong></span> <span class='ocrx_word' id='word_1_634' title='bbox 2444 2872 2646 2940; x_wconf 89' lang='lat' dir='ltr'><strong>dicere,</strong></span> <span class='ocrx_word' id='word_1_635' title='bbox 2679 2886 2737 2930; x_wconf 89' lang='lat' dir='ltr'><strong>et</strong></span> <span class='ocrx_word' id='word_1_636' title='bbox 2766 2877 3042 2934; x_wconf 80' lang='lat' dir='ltr'><strong>Christum</strong></span> <span class='ocrx_word' id='word_1_637' title='bbox 3073 2883 3183 2950; x_wconf 89' lang='lat' dir='ltr'><strong>pati</strong></span> <span class='ocrx_word' id='word_1_638' title='bbox 3209 2897 3378 2942; x_wconf 85' lang='lat' dir='ltr'><strong>carne</strong></span> <span class='ocrx_word' id='word_1_639' title='bbox 3407 2903 3422 2940; x_wconf 92' lang='lat'><strong>:</strong></span> <span class='ocrx_word' id='word_1_640' title='bbox 3453 2904 3592 2959; x_wconf 90' lang='lat' dir='ltr'><strong>quo-</strong></span> 
     </span>
    </p>
   </div>
   <div class='ocr_carea' id='block_1_75' title="bbox 1994 2962 3586 3041">
    <p class='ocr_par' dir='ltr' id='par_1_75' title="bbox 1994 2962 3586 3041">
     <span class='ocr_line' id='line_1_75' title="bbox 1994 2962 3586 3041; baseline 0.013 -23"><span class='ocrx_word' id='word_1_641' title='bbox 1994 2962 2156 3018; x_wconf 88' lang='lat' dir='ltr'><strong>modo</strong></span> <span class='ocrx_word' id='word_1_642' title='bbox 2178 2963 2446 3034; x_wconf 83' lang='lat' dir='ltr'><strong>possibile</strong></span> <span class='ocrx_word' id='word_1_643' title='bbox 2477 2966 2604 3032; x_wconf 89' lang='lat' dir='ltr'><strong>erit,</strong></span> <span class='ocrx_word' id='word_1_644' title='bbox 2636 2967 2757 3036; x_wconf 89' lang='lat' dir='ltr'><strong>plus</strong></span> <span class='ocrx_word' id='word_1_645' title='bbox 2779 2972 3118 3041; x_wconf 88' lang='lat' dir='ltr'><strong>appropriari</strong></span> <span class='ocrx_word' id='word_1_646' title='bbox 3150 2973 3320 3030; x_wconf 91' lang='lat' dir='ltr'><strong>Deum</strong></span> <span class='ocrx_word' id='word_1_647' title='bbox 3351 2977 3586 3038; x_wconf 87' lang='lat' dir='ltr'><strong>Verbum</strong></span> 
     </span>
    </p>
   </div>
   <div class='ocr_carea' id='block_1_76' title="bbox 1994 3052 3586 3132">
    <p class='ocr_par' dir='ltr' id='par_1_76' title="bbox 1994 3052 3586 3132">
     <span class='ocr_line' id='line_1_76' title="bbox 1994 3052 3586 3132; baseline 0.014 -27"><span class='ocrx_word' id='word_1_648' title='bbox 1994 3052 2216 3119; x_wconf 84' lang='lat' dir='ltr'><strong>carnis,</strong></span> <span class='ocrx_word' id='word_1_649' title='bbox 2277 3052 2434 3124; x_wconf 87' lang='lat' dir='ltr'><strong>cujus</strong></span> <span class='ocrx_word' id='word_1_650' title='bbox 2486 3056 2802 3126; x_wconf 88' lang='lat' dir='ltr'><strong>appropriat</strong></span> <span class='ocrx_word' id='word_1_651' title='bbox 2829 3059 2995 3115; x_wconf 87' lang='lat' dir='ltr'><strong>Pater</strong></span> <span class='ocrx_word' id='word_1_652' title='bbox 3035 3076 3097 3117; x_wconf 88' lang='lat' dir='ltr'><strong>ea</strong></span> <span class='ocrx_word' id='word_1_653' title='bbox 3137 3077 3259 3132; x_wconf 68' lang='lat' dir='ltr'><strong>qua:</strong></span> <span class='ocrx_word' id='word_1_654' title='bbox 3307 3079 3434 3123; x_wconf 90' lang='lat' dir='ltr'><strong>sunt</strong></span> <span class='ocrx_word' id='word_1_655' title='bbox 3491 3070 3586 3127; x_wconf 84' lang='lat' dir='ltr'><strong>Dei</strong></span> 
     </span>
    </p>
   </div>
   <div class='ocr_carea' id='block_1_77' title="bbox 1994 3141 3588 3224">
    <p class='ocr_par' dir='ltr' id='par_1_77' title="bbox 1994 3141 3588 3224">
     <span class='ocr_line' id='line_1_77' title="bbox 1994 3141 3588 3224; baseline 0.017 -28"><span class='ocrx_word' id='word_1_656' title='bbox 1994 3141 2203 3198; x_wconf 83' lang='lat' dir='ltr'><strong>Verbi?</strong></span> <span class='ocrx_word' id='word_1_657' title='bbox 2231 3141 2512 3209; x_wconf 85' lang='lat' dir='ltr'><strong>Quomodo</strong></span> <span class='ocrx_word' id='word_1_658' title='bbox 2543 3155 2721 3202; x_wconf 89' lang='lat' dir='ltr'><strong>autem</strong></span> <span class='ocrx_word' id='word_1_659' title='bbox 2767 3158 2824 3204; x_wconf 91' lang='lat' dir='ltr'><strong>et</strong></span> <span class='ocrx_word' id='word_1_660' title='bbox 2860 3151 2904 3207; x_wconf 91' lang='lat' dir='ltr'><strong>si</strong></span> <span class='ocrx_word' id='word_1_661' title='bbox 2959 3156 3398 3224; x_wconf 89' lang='lat' dir='ltr'><strong>appropriatione</strong></span> <span class='ocrx_word' id='word_1_662' title='bbox 3443 3162 3588 3223; x_wconf 78' lang='lat' dir='ltr'><strong>Deus</strong></span> 
     </span>
    </p>
   </div>
   <div class='ocr_carea' id='block_1_78' title="bbox 1916 3202 3588 3330">
    <p class='ocr_par' dir='ltr' id='par_1_78' title="bbox 1916 3202 3588 3330">
     <span class='ocr_line' id='line_1_78' title="bbox 1916 3202 3588 3330; baseline 0.018 -46"><span class='ocrx_word' id='word_1_663' title='bbox 1916 3202 1957 3259; x_wconf 63' lang='grc' dir='ltr'>Ο</span> <span class='ocrx_word' id='word_1_664' title='bbox 1993 3231 2233 3290; x_wconf 88' lang='lat' dir='ltr'><strong>Verbum</strong></span> <span class='ocrx_word' id='word_1_665' title='bbox 2264 3237 2468 3306; x_wconf 89' lang='lat' dir='ltr'><strong>patitur</strong></span> <span class='ocrx_word' id='word_1_666' title='bbox 2497 3253 2689 3304; x_wconf 89' lang='lat' dir='ltr'><strong>carne,</strong></span> <span class='ocrx_word' id='word_1_667' title='bbox 2723 3257 2830 3297; x_wconf 92' lang='lat' dir='ltr'><strong>non</strong></span> <span class='ocrx_word' id='word_1_668' title='bbox 2873 3202 3474 3318; x_wconf 35' lang='lat' dir='ltr'><strong>eritigpplropriatlone</strong></span> 
     </span>
    </p>
   </div>
   <div class='ocr_carea' id='block_1_79' title="bbox 1987 3326 3589 3407">
    <p class='ocr_par' dir='ltr' id='par_1_79' title="bbox 1987 3326 3589 3407">
     <span class='ocr_line' id='line_1_79' title="bbox 1987 3326 3589 3407; baseline 0.016 -30"><span class='ocrx_word' id='word_1_669' title='bbox 1987 3326 2405 3400; x_wconf 86' lang='lat' dir='ltr'><strong>appropriatio]</strong></span> <span class='ocrx_word' id='word_1_670' title='bbox 2455 3337 2512 3382; x_wconf 92' lang='lat' dir='ltr'><strong>et</strong></span> <span class='ocrx_word' id='word_1_671' title='bbox 2546 3326 2712 3384; x_wconf 88' lang='lat' dir='ltr'><strong>Pater</strong></span> <span class='ocrx_word' id='word_1_672' title='bbox 2754 3331 2862 3386; x_wconf 92' lang='lat' dir='ltr'><strong>Deo</strong></span> <span class='ocrx_word' id='word_1_673' title='bbox 2906 3332 3084 3390; x_wconf 84' lang='lat' dir='ltr'><strong>Verbo</strong></span> <span class='ocrx_word' id='word_1_674' title='bbox 3128 3340 3385 3407; x_wconf 79' lang='lat' dir='ltr'><strong>patiens?</strong></span> <span class='ocrx_word' id='word_1_675' title='bbox 3430 3326 3589 3404; x_wconf 42' lang='lat' dir='ltr'><strong>Et—si</strong></span> 
     </span>
    </p>
   </div>
   <div class='ocr_carea' id='block_1_80' title="bbox 1990 3419 3590 3499">
    <p class='ocr_par' dir='ltr' id='par_1_80' title="bbox 1990 3419 3590 3499">
     <span class='ocr_line' id='line_1_80' title="bbox 1990 3419 3590 3499; baseline 0.016 -30"><span class='ocrx_word' id='word_1_676' title='bbox 1990 3428 2240 3472; x_wconf 90' lang='lat' dir='ltr'><strong>mortuus</strong></span> <span class='ocrx_word' id='word_1_677' title='bbox 2271 3430 2355 3473; x_wconf 91' lang='lat' dir='ltr'><strong>est</strong></span> <span class='ocrx_word' id='word_1_678' title='bbox 2378 3419 2523 3475; x_wconf 91' lang='lat' dir='ltr'><strong>Deus</strong></span> <span class='ocrx_word' id='word_1_679' title='bbox 2555 3420 2790 3478; x_wconf 89' lang='lat' dir='ltr'><strong>Verbum</strong></span> <span class='ocrx_word' id='word_1_680' title='bbox 2823 3439 3014 3493; x_wconf 88' lang='lat' dir='ltr'><strong>carne,</strong></span> <span class='ocrx_word' id='word_1_681' title='bbox 3044 3432 3319 3497; x_wconf 86' lang='lat' dir='ltr'><strong>quomodo</strong></span> <span class='ocrx_word' id='word_1_682' title='bbox 3341 3446 3425 3499; x_wconf 82' lang='lat' dir='ltr'><strong>est</strong></span> <span class='ocrx_word' id='word_1_683' title='bbox 3454 3455 3590 3494; x_wconf 87' lang='lat' dir='ltr'><strong>con-</strong></span> 
     </span>
    </p>
   </div>
   <div class='ocr_carea' id='block_1_81' title="bbox 1991 3510 3592 3601">
    <p class='ocr_par' dir='ltr' id='par_1_81' title="bbox 1991 3510 3592 3601">
     <span class='ocr_line' id='line_1_81' title="bbox 1991 3510 3592 3601; baseline 0.015 -37"><span class='ocrx_word' id='word_1_684' title='bbox 1991 3510 2376 3566; x_wconf 85' lang='lat' dir='ltr'><strong>substantialis</strong></span> <span class='ocrx_word' id='word_1_685' title='bbox 2397 3511 2548 3568; x_wconf 86' lang='lat' dir='ltr'><strong>Patri</strong></span> <span class='ocrx_word' id='word_1_686' title='bbox 2570 3515 3021 3574; x_wconf 83' lang='lat' dir='ltr'><strong>immortalitate?</strong></span> <span class='ocrx_word' id='word_1_687' title='bbox 3043 3519 3291 3581; x_wconf 83' lang='lat' dir='ltr'><strong>Mortuus</strong></span> <span class='ocrx_word' id='word_1_688' title='bbox 3314 3529 3458 3583; x_wconf 91' lang='lat' dir='ltr'><strong>enim</strong></span> <span class='ocrx_word' id='word_1_689' title='bbox 3490 3546 3592 3601; x_wconf 88' lang='lat' dir='ltr'><strong>pro</strong></span> 
     </span>
    </p>
   </div>
   <div class='ocr_carea' id='block_1_82' title="bbox 1992 3601 3592 3680">
    <p class='ocr_par' dir='ltr' id='par_1_82' title="bbox 1992 3601 3592 3680">
     <span class='ocr_line' id='line_1_82' title="bbox 1992 3601 3592 3680; baseline 0.017 -27"><span class='ocrx_word' id='word_1_690' title='bbox 1992 3601 2151 3656; x_wconf 87' lang='lat' dir='ltr'><strong>nobis</strong></span> <span class='ocrx_word' id='word_1_691' title='bbox 2192 3617 2298 3656; x_wconf 88' lang='lat' dir='ltr'><strong>non</strong></span> <span class='ocrx_word' id='word_1_692' title='bbox 2353 3615 2437 3659; x_wconf 89' lang='lat' dir='ltr'><strong>est</strong></span> <span class='ocrx_word' id='word_1_693' title='bbox 2473 3605 2803 3663; x_wconf 82' lang='lat' dir='ltr'><strong>immortalis</strong></span> <span class='ocrx_word' id='word_1_694' title='bbox 2843 3627 2856 3663; x_wconf 90' lang='lat'><strong>:</strong></span> <span class='ocrx_word' id='word_1_695' title='bbox 2897 3622 3148 3670; x_wconf 88' lang='lat' dir='ltr'><strong>mortuus</strong></span> <span class='ocrx_word' id='word_1_696' title='bbox 3187 3627 3341 3674; x_wconf 82' lang='lat' dir='ltr'><strong>certe</strong></span> <span class='ocrx_word' id='word_1_697' title='bbox 3389 3632 3472 3676; x_wconf 84' lang='lat' dir='ltr'><strong>est</strong></span> <span class='ocrx_word' id='word_1_698' title='bbox 3504 3639 3592 3680; x_wconf 87' lang='lat' dir='ltr'><strong>se-</strong></span> 
     </span>
    </p>
   </div>
   <div class='ocr_carea' id='block_1_83' title="bbox 1992 3691 3592 3768">
    <p class='ocr_par' dir='ltr' id='par_1_83' title="bbox 1992 3691 3592 3768">
     <span class='ocr_line' id='line_1_83' title="bbox 1992 3691 3592 3768; baseline 0.01 -24"><span class='ocrx_word' id='word_1_699' title='bbox 1992 3691 2230 3746; x_wconf 89' lang='lat' dir='ltr'><strong>cundum</strong></span> <span class='ocrx_word' id='word_1_700' title='bbox 2266 3693 2583 3762; x_wconf 84' lang='lat' dir='ltr'><strong>Scripturas</strong></span> <span class='ocrx_word' id='word_1_701' title='bbox 2615 3695 2660 3752; x_wconf 67' lang='grc' dir='ltr'><strong>ι.</strong></span> <span class='ocrx_word' id='word_1_702' title='bbox 2697 3697 2766 3753; x_wconf 89' lang='grc' dir='ltr'>Ει</span> <span class='ocrx_word' id='word_1_703' title='bbox 2791 3700 2835 3752; x_wconf 90' lang='lat' dir='ltr'><strong>si</strong></span> <span class='ocrx_word' id='word_1_704' title='bbox 2876 3715 3016 3756; x_wconf 90' lang='lat' dir='ltr'><strong>unus</strong></span> <span class='ocrx_word' id='word_1_705' title='bbox 3046 3703 3116 3758; x_wconf 90' lang='lat' dir='ltr'><strong>de</strong></span> <span class='ocrx_word' id='word_1_706' title='bbox 3147 3704 3416 3764; x_wconf 90' lang='lat' dir='ltr'><strong>Trinitate</strong></span> <span class='ocrx_word' id='word_1_707' title='bbox 3445 3727 3592 3768; x_wconf 84' lang='lat' dir='ltr'><strong>mor.</strong></span> 
     </span>
    </p>
   </div>
   <div class='ocr_carea' id='block_1_84' title="bbox 1999 3787 3592 3860">
    <p class='ocr_par' dir='ltr' id='par_1_84' title="bbox 1999 3787 3592 3860">
     <span class='ocr_line' id='line_1_84' title="bbox 1999 3787 3592 3860; baseline 0.014 -24"><span class='ocrx_word' id='word_1_708' title='bbox 1999 3793 2122 3838; x_wconf 89' lang='lat' dir='ltr'><strong>tuus</strong></span> <span class='ocrx_word' id='word_1_709' title='bbox 2151 3791 2260 3852; x_wconf 86' lang='lat' dir='ltr'><strong>est,</strong></span> <span class='ocrx_word' id='word_1_710' title='bbox 2299 3787 2626 3856; x_wconf 84' lang='lat' dir='ltr'><strong>quandoque</strong></span> <span class='ocrx_word' id='word_1_711' title='bbox 2663 3787 2907 3846; x_wconf 88' lang='lat' dir='ltr'><strong>Trinitas</strong></span> <span class='ocrx_word' id='word_1_712' title='bbox 2931 3793 3168 3850; x_wconf 83' lang='lat' dir='ltr'><strong>dualitas</strong></span> <span class='ocrx_word' id='word_1_713' title='bbox 3201 3795 3342 3852; x_wconf 81' lang='lat' dir='ltr'><strong>facta</strong></span> <span class='ocrx_word' id='word_1_714' title='bbox 3373 3811 3476 3855; x_wconf 90' lang='lat' dir='ltr'><strong>est.</strong></span> <span class='ocrx_word' id='word_1_715' title='bbox 3520 3802 3592 3860; x_wconf 87' lang='lat' dir='ltr'><strong>Et</strong></span> 
     </span>
    </p>
   </div>
   <div class='ocr_carea' id='block_1_85' title="bbox 1998 3874 3589 3961">
    <p class='ocr_par' dir='ltr' id='par_1_85' title="bbox 1998 3874 3589 3961">
     <span class='ocr_line' id='line_1_85' title="bbox 1998 3874 3589 3961; baseline 0.014 -30"><span class='ocrx_word' id='word_1_716' title='bbox 1998 3875 2042 3931; x_wconf 88' lang='lat' dir='ltr'><strong>si</strong></span> <span class='ocrx_word' id='word_1_717' title='bbox 2081 3874 2329 3931; x_wconf 87' lang='lat' dir='ltr'><strong>Trinitas</strong></span> <span class='ocrx_word' id='word_1_718' title='bbox 2374 3893 2654 3946; x_wconf 87' lang='lat' dir='ltr'><strong>nunquam</strong></span> <span class='ocrx_word' id='word_1_719' title='bbox 2700 3881 2936 3937; x_wconf 77' lang='lat' dir='ltr'><strong>dualitas</strong></span> <span class='ocrx_word' id='word_1_720' title='bbox 2973 3884 3118 3940; x_wconf 81' lang='lat' dir='ltr'><strong>facta</strong></span> <span class='ocrx_word' id='word_1_721' title='bbox 3156 3898 3240 3944; x_wconf 81' lang='lat' dir='ltr'><strong>est</strong></span> <span class='ocrx_word' id='word_1_722' title='bbox 3267 3930 3283 3957; x_wconf 92' lang='lat'><strong>,</strong></span> <span class='ocrx_word' id='word_1_723' title='bbox 3317 3896 3589 3961; x_wconf 90' lang='lat' dir='ltr'><strong>quomodo</strong></span> 
     </span>
    </p>
   </div>
   <div class='ocr_carea' id='block_1_86' title="bbox 1997 3969 3588 4044">
    <p class='ocr_par' dir='ltr' id='par_1_86' title="bbox 1997 3969 3588 4044">
     <span class='ocr_line' id='line_1_86' title="bbox 1997 3969 3588 4044; baseline 0.013 -20"><span class='ocrx_word' id='word_1_724' title='bbox 1997 3986 2140 4024; x_wconf 88' lang='lat' dir='ltr'><strong>unus</strong></span> <span class='ocrx_word' id='word_1_725' title='bbox 2173 3974 2240 4025; x_wconf 90' lang='lat' dir='ltr'><strong>de</strong></span> <span class='ocrx_word' id='word_1_726' title='bbox 2272 3969 2547 4028; x_wconf 77' lang='lat' dir='ltr'><strong>Trinitate</strong></span> <span class='ocrx_word' id='word_1_727' title='bbox 2576 3981 2823 4031; x_wconf 84' lang='lat' dir='ltr'><strong>mortuus</strong></span> <span class='ocrx_word' id='word_1_728' title='bbox 2856 3977 2986 4032; x_wconf 90' lang='lat' dir='ltr'><strong>est?</strong></span> <span class='ocrx_word' id='word_1_729' title='bbox 3015 3977 3083 4033; x_wconf 83' lang='lat' dir='ltr'><strong>Et</strong></span> <span class='ocrx_word' id='word_1_730' title='bbox 3117 3981 3161 4034; x_wconf 89' lang='lat' dir='ltr'><strong>si</strong></span> <span class='ocrx_word' id='word_1_731' title='bbox 3187 3981 3359 4039; x_wconf 76' lang='lat' dir='ltr'><strong>altera</strong></span> <span class='ocrx_word' id='word_1_732' title='bbox 3391 3996 3588 4044; x_wconf 87' lang='lat' dir='ltr'><strong>natura</strong></span> 
     </span>
    </p>
   </div>
   <div class='ocr_carea' id='block_1_87' title="bbox 1998 4061 3592 4138">
    <p class='ocr_par' dir='ltr' id='par_1_87' title="bbox 1998 4061 3592 4138">
     <span class='ocr_line' id='line_1_87' title="bbox 1998 4061 3592 4138; baseline 0.013 -19"><span class='ocrx_word' id='word_1_733' title='bbox 1998 4061 2161 4119; x_wconf 90' lang='lat' dir='ltr'><strong>Verbi</strong></span> <span class='ocrx_word' id='word_1_734' title='bbox 2188 4063 2306 4131; x_wconf 89' lang='lat' dir='ltr'><strong>Dei,</strong></span> <span class='ocrx_word' id='word_1_735' title='bbox 2343 4064 2557 4123; x_wconf 87' lang='lat' dir='ltr'><strong>scilicet</strong></span> <span class='ocrx_word' id='word_1_736' title='bbox 2589 4067 2873 4124; x_wconf 90' lang='lat' dir='ltr'><strong>hominum</strong></span> <span class='ocrx_word' id='word_1_737' title='bbox 2925 4083 3120 4128; x_wconf 84' lang='lat' dir='ltr'><strong>natura</strong></span> <span class='ocrx_word' id='word_1_738' title='bbox 3165 4066 3270 4130; x_wconf 87' lang='lat' dir='ltr'><strong>non</strong></span> <span class='ocrx_word' id='word_1_739' title='bbox 3317 4089 3400 4134; x_wconf 89' lang='lat' dir='ltr'><strong>est</strong></span> <span class='ocrx_word' id='word_1_740' title='bbox 3443 4097 3592 4138; x_wconf 88' lang='lat' dir='ltr'><strong>mor-</strong></span> 
     </span>
    </p>
   </div>
   <div class='ocr_carea' id='block_1_88' title="bbox 2004 4155 3588 4240">
    <p class='ocr_par' dir='ltr' id='par_1_88' title="bbox 2004 4155 3588 4240">
     <span class='ocr_line' id='line_1_88' title="bbox 2004 4155 3588 4240; baseline 0.012 -32"><span class='ocrx_word' id='word_1_741' title='bbox 2004 4163 2091 4208; x_wconf 89' lang='lat' dir='ltr'><strong>tua</strong></span> <span class='ocrx_word' id='word_1_742' title='bbox 2122 4155 2150 4196; x_wconf 76' lang='grc' dir='ltr'><strong>ε</strong></span> <span class='ocrx_word' id='word_1_743' title='bbox 2180 4173 2193 4209; x_wconf 91' lang='lat'><strong>:</strong></span> <span class='ocrx_word' id='word_1_744' title='bbox 2232 4164 2284 4210; x_wconf 88' lang='lat' dir='ltr'><strong>et</strong></span> <span class='ocrx_word' id='word_1_745' title='bbox 2318 4155 2364 4210; x_wconf 92' lang='lat' dir='ltr'><strong>si</strong></span> <span class='ocrx_word' id='word_1_746' title='bbox 2392 4157 2619 4227; x_wconf 76' lang='lat' dir='ltr'><strong>trisagia</strong></span> <span class='ocrx_word' id='word_1_747' title='bbox 2667 4173 2795 4224; x_wconf 81' lang='lat' dir='ltr'><strong>vox,</strong></span> <span class='ocrx_word' id='word_1_748' title='bbox 2828 4161 3105 4229; x_wconf 86' lang='lat' dir='ltr'><strong>Trinitas,</strong></span> <span class='ocrx_word' id='word_1_749' title='bbox 3155 4181 3262 4220; x_wconf 87' lang='lat' dir='ltr'><strong>non</strong></span> <span class='ocrx_word' id='word_1_750' title='bbox 3313 4170 3588 4240; x_wconf 89' lang='lat' dir='ltr'><strong>subsistit,</strong></span> 
     </span>
    </p>
   </div>
   <div class='ocr_carea' id='block_1_89' title="bbox 2003 4246 3591 4322">
    <p class='ocr_par' dir='ltr' id='par_1_89' title="bbox 2003 4246 3591 4322">
     <span class='ocr_line' id='line_1_89' title="bbox 2003 4246 3591 4322; baseline 0.013 -22"><span class='ocrx_word' id='word_1_751' title='bbox 2003 4246 2353 4304; x_wconf 78' lang='lat' dir='ltr'><strong>manifestum</strong></span> <span class='ocrx_word' id='word_1_752' title='bbox 2389 4259 2472 4304; x_wconf 87' lang='lat' dir='ltr'><strong>est</strong></span> <span class='ocrx_word' id='word_1_753' title='bbox 2509 4253 2652 4320; x_wconf 91' lang='lat' dir='ltr'><strong>quod</strong></span> <span class='ocrx_word' id='word_1_754' title='bbox 2689 4253 2852 4308; x_wconf 88' lang='lat' dir='ltr'><strong>unius</strong></span> <span class='ocrx_word' id='word_1_755' title='bbox 2901 4256 3219 4312; x_wconf 74' lang='lat' dir='ltr'><strong>substantia:</strong></span> <span class='ocrx_word' id='word_1_756' title='bbox 3243 4259 3269 4300; x_wconf 75' lang='lat' dir='ltr'><strong>h</strong></span> <span class='ocrx_word' id='word_1_757' title='bbox 3303 4275 3424 4316; x_wconf 88' lang='lat' dir='ltr'><strong>esse</strong></span> <span class='ocrx_word' id='word_1_758' title='bbox 3453 4264 3591 4322; x_wconf 90' lang='lat' dir='ltr'><strong>dicis</strong></span> 
     </span>
    </p>
   </div>
   <div class='ocr_carea' id='block_1_90' title="bbox 2004 4341 3594 4424">
    <p class='ocr_par' dir='ltr' id='par_1_90' title="bbox 2004 4341 3594 4424">
     <span class='ocr_line' id='line_1_90' title="bbox 2004 4341 3594 4424; baseline 0.01 -28"><span class='ocrx_word' id='word_1_759' title='bbox 2004 4341 2357 4397; x_wconf 87' lang='lat' dir='ltr'><strong>Trinitatem.</strong></span> <span class='ocrx_word' id='word_1_760' title='bbox 2386 4343 2453 4398; x_wconf 88' lang='lat' dir='ltr'><strong>Et</strong></span> <span class='ocrx_word' id='word_1_761' title='bbox 2485 4345 2762 4413; x_wconf 87' lang='lat' dir='ltr'><strong>quomodo</strong></span> <span class='ocrx_word' id='word_1_762' title='bbox 2785 4362 2890 4401; x_wconf 90' lang='lat' dir='ltr'><strong>non</strong></span> <span class='ocrx_word' id='word_1_763' title='bbox 2916 4350 3164 4404; x_wconf 84' lang='lat' dir='ltr'><strong>ostendis</strong></span> <span class='ocrx_word' id='word_1_764' title='bbox 3201 4365 3323 4406; x_wconf 80' lang='lat' dir='ltr'><strong>esse</strong></span> <span class='ocrx_word' id='word_1_765' title='bbox 3350 4351 3440 4424; x_wconf 74' lang='grc' dir='ltr'>Π.</span> <span class='ocrx_word' id='word_1_766' title='bbox 3472 4369 3594 4412; x_wconf 86' lang='lat' dir='ltr'><strong>esse</strong></span> 
     </span>
    </p>
   </div>
   <div class='ocr_carea' id='block_1_91' title="bbox 2006 4435 3590 4513">
    <p class='ocr_par' dir='ltr' id='par_1_91' title="bbox 2006 4435 3590 4513">
     <span class='ocr_line' id='line_1_91' title="bbox 2006 4435 3590 4513; baseline 0.008 -23"><span class='ocrx_word' id='word_1_767' title='bbox 2006 4435 2093 4508; x_wconf 85' lang='lat' dir='ltr'><strong>te]</strong></span> <span class='ocrx_word' id='word_1_768' title='bbox 2119 4436 2530 4493; x_wconf 86' lang='lat' dir='ltr'><strong>Sabellianum?</strong></span> <span class='ocrx_word' id='word_1_769' title='bbox 2579 4438 2645 4492; x_wconf 86' lang='lat' dir='ltr'><strong>Et</strong></span> <span class='ocrx_word' id='word_1_770' title='bbox 2683 4439 2728 4494; x_wconf 90' lang='lat' dir='ltr'><strong>si</strong></span> <span class='ocrx_word' id='word_1_771' title='bbox 2765 4440 2817 4493; x_wconf 92' lang='lat' dir='ltr'><strong>in</strong></span> <span class='ocrx_word' id='word_1_772' title='bbox 2854 4440 3029 4496; x_wconf 88' lang='lat' dir='ltr'><strong>tribus</strong></span> <span class='ocrx_word' id='word_1_773' title='bbox 3059 4444 3444 4513; x_wconf 83' lang='lat' dir='ltr'><strong>hypostasibus</strong></span> <span class='ocrx_word' id='word_1_774' title='bbox 3484 4464 3590 4503; x_wconf 84' lang='lat' dir='ltr'><strong>una</strong></span> 
     </span>
    </p>
   </div>
   <div class='ocr_carea' id='block_1_92' title="bbox 293 4525 1907 4630">
    <p class='ocr_par' dir='ltr' id='par_1_92' title="bbox 293 4525 1890 4630">
     <span class='ocr_line' id='line_1_92' title="bbox 293 4525 1890 4630; baseline -0.009 -36"><span class='ocrx_word' id='word_1_775' title='bbox 293 4541 518 4595; x_wconf 80' lang='grc' dir='ltr'>στάσεσι</span> <span class='ocrx_word' id='word_1_776' title='bbox 552 4540 650 4612; x_wconf 79' lang='grc' dir='ltr'><strong>μία</strong></span> <span class='ocrx_word' id='word_1_777' title='bbox 685 4539 848 4610; x_wconf 84' lang='grc' dir='ltr'>φύσις</span> <span class='ocrx_word' id='word_1_778' title='bbox 877 4538 1170 4607; x_wconf 54' lang='grc' dir='ltr'>ὑφίσταται</span> <span class='ocrx_word' id='word_1_779' title='bbox 1203 4537 1302 4604; x_wconf 87' lang='grc' dir='ltr'><strong>τῆς</strong></span> <span class='ocrx_word' id='word_1_780' title='bbox 1335 4529 1632 4604; x_wconf 82' lang='grc' dir='ltr'>τρισαγίας</span> <span class='ocrx_word' id='word_1_781' title='bbox 1662 4525 1851 4596; x_wconf 80' lang='grc' dir='ltr'>φωνῆς</span> <span class='ocrx_word' id='word_1_782' title='bbox 1869 4565 1890 4630; x_wconf 69' lang='grc'><strong>,</strong></span> 
     </span>
    </p>
   </div>
   <div class='ocr_carea' id='block_1_93' title="bbox 1996 4525 3592 4630">
    <p class='ocr_par' dir='ltr' id='par_1_93' title="bbox 2005 4529 3592 4604">
     <span class='ocr_line' id='line_1_93' title="bbox 2005 4529 3592 4604; baseline 0.01 -24"><span class='ocrx_word' id='word_1_783' title='bbox 2005 4535 2200 4582; x_wconf 85' lang='lat' dir='ltr'><strong>natura</strong></span> <span class='ocrx_word' id='word_1_784' title='bbox 2237 4529 2490 4586; x_wconf 86' lang='lat' dir='ltr'><strong>subsistit</strong></span> <span class='ocrx_word' id='word_1_785' title='bbox 2531 4529 2771 4602; x_wconf 69' lang='lat' dir='ltr'><strong>lrisagiae</strong></span> <span class='ocrx_word' id='word_1_786' title='bbox 2797 4533 2967 4598; x_wconf 72' lang='lat' dir='ltr'><strong>vocis,</strong></span> <span class='ocrx_word' id='word_1_787' title='bbox 3010 4538 3286 4604; x_wconf 85' lang='lat' dir='ltr'><strong>quomodo</strong></span> <span class='ocrx_word' id='word_1_788' title='bbox 3318 4553 3424 4594; x_wconf 90' lang='lat' dir='ltr'><strong>non</strong></span> <span class='ocrx_word' id='word_1_789' title='bbox 3447 4541 3592 4596; x_wconf 87' lang='lat' dir='ltr'><strong>dicis</strong></span> 
     </span>
    </p>
   </div>
   <div class='ocr_carea' id='block_1_94' title="bbox 290 4618 1894 4704">
    <p class='ocr_par' dir='ltr' id='par_1_94' title="bbox 290 4618 1894 4704">
     <span class='ocr_line' id='line_1_94' title="bbox 290 4618 1894 4704; baseline -0.011 -17"><span class='ocrx_word' id='word_1_790' title='bbox 290 4633 411 4697; x_wconf 83' lang='grc' dir='ltr'>πῶς</span> <span class='ocrx_word' id='word_1_791' title='bbox 460 4632 582 4704; x_wconf 74' lang='grc' dir='ltr'>οὐχὶ</span> <span class='ocrx_word' id='word_1_792' title='bbox 629 4632 730 4703; x_wconf 83' lang='grc' dir='ltr'><strong>τὴν</strong></span> <span class='ocrx_word' id='word_1_793' title='bbox 781 4630 990 4703; x_wconf 84' lang='grc' dir='ltr'>Τριάδα</span> <span class='ocrx_word' id='word_1_794' title='bbox 1053 4627 1464 4699; x_wconf 87' lang='grc' dir='ltr'>σταυρωθείσαν</span> <span class='ocrx_word' id='word_1_795' title='bbox 1516 4621 1744 4690; x_wconf 83' lang='grc' dir='ltr'>λέγεις,</span> <span class='ocrx_word' id='word_1_796' title='bbox 1796 4618 1894 4671; x_wconf 82' lang='lat' dir='ltr'><strong>acai</strong></span> 
     </span>
    </p>
   </div>
   <div class='ocr_carea' id='block_1_95' title="bbox 292 4712 1890 4794">
    <p class='ocr_par' dir='ltr' id='par_1_95' title="bbox 292 4712 1890 4794">
     <span class='ocr_line' id='line_1_95' title="bbox 292 4712 1890 4794; baseline -0.011 -12"><span class='ocrx_word' id='word_1_797' title='bbox 292 4725 454 4782; x_wconf 79' lang='grc' dir='ltr'>ἄθεον</span> <span class='ocrx_word' id='word_1_798' title='bbox 487 4725 705 4791; x_wconf 81' lang='grc' dir='ltr'>ἑαυτὸν,</span> <span class='ocrx_word' id='word_1_799' title='bbox 737 4725 813 4790; x_wconf 87' lang='grc' dir='ltr'><strong>ὼς</strong></span> <span class='ocrx_word' id='word_1_800' title='bbox 851 4725 902 4778; x_wconf 87' lang='grc' dir='ltr'><strong>οἱ</strong></span> <span class='ocrx_word' id='word_1_801' title='bbox 929 4721 1374 4794; x_wconf 72' lang='grc' dir='ltr'>Μαρκιωνισταὶ,</span> <span class='ocrx_word' id='word_1_802' title='bbox 1406 4715 1546 4771; x_wconf 75' lang='grc' dir='ltr'>εἶναι</span> <span class='ocrx_word' id='word_1_803' title='bbox 1578 4714 1640 4768; x_wconf 80' lang='grc' dir='ltr'>οὐ</span> <span class='ocrx_word' id='word_1_804' title='bbox 1669 4712 1890 4782; x_wconf 78' lang='grc' dir='ltr'>λέγεις;</span> 
     </span>
    </p>
   </div>
   <div class='ocr_carea' id='block_1_96' title="bbox 2002 4618 3585 4704">
    <p class='ocr_par' dir='ltr' id='par_1_96' title="bbox 2002 4618 3585 4704">
     <span class='ocr_line' id='line_1_96' title="bbox 2002 4618 3585 4704; baseline 0.01 -30"><span class='ocrx_word' id='word_1_805' title='bbox 2002 4618 2328 4677; x_wconf 87' lang='lat' dir='ltr'><strong>Trinitatem</strong></span> <span class='ocrx_word' id='word_1_806' title='bbox 2362 4637 2484 4679; x_wconf 89' lang='lat' dir='ltr'><strong>esse</strong></span> <span class='ocrx_word' id='word_1_807' title='bbox 2521 4623 2838 4680; x_wconf 80' lang='lat' dir='ltr'><strong>cruciﬁxam</strong></span> <span class='ocrx_word' id='word_1_808' title='bbox 2865 4666 2880 4691; x_wconf 95' lang='lat'><strong>,</strong></span> <span class='ocrx_word' id='word_1_809' title='bbox 2931 4636 2986 4680; x_wconf 90' lang='lat' dir='ltr'><strong>et</strong></span> <span class='ocrx_word' id='word_1_810' title='bbox 3018 4628 3137 4685; x_wconf 88' lang='lat' dir='ltr'><strong>sine</strong></span> <span class='ocrx_word' id='word_1_811' title='bbox 3179 4629 3290 4686; x_wconf 91' lang='lat' dir='ltr'><strong>Deo</strong></span> <span class='ocrx_word' id='word_1_812' title='bbox 3331 4632 3585 4704; x_wconf 88' lang='lat' dir='ltr'><strong>teipsum,</strong></span> 
     </span>
    </p>
   </div>
   <div class='ocr_carea' id='block_1_97' title="bbox 2001 4712 3076 4786">
    <p class='ocr_par' dir='ltr' id='par_1_97' title="bbox 2001 4712 3076 4786">
     <span class='ocr_line' id='line_1_97' title="bbox 2001 4712 3076 4786; baseline 0.008 -18"><span class='ocrx_word' id='word_1_813' title='bbox 2001 4712 2146 4769; x_wconf 85' lang='lat' dir='ltr'><strong>sicut</strong></span> <span class='ocrx_word' id='word_1_814' title='bbox 2173 4713 2558 4786; x_wconf 82' lang='lat' dir='ltr'><strong>Marcionistae,</strong></span> <span class='ocrx_word' id='word_1_815' title='bbox 2592 4731 2714 4776; x_wconf 88' lang='lat' dir='ltr'><strong>esse</strong></span> <span class='ocrx_word' id='word_1_816' title='bbox 2749 4734 2858 4774; x_wconf 89' lang='lat' dir='ltr'><strong>non</strong></span> <span class='ocrx_word' id='word_1_817' title='bbox 2891 4719 3076 4777; x_wconf 87' lang='lat' dir='ltr'><strong>dicis?</strong></span> 
     </span>
    </p>
   </div>
   <div class='ocr_carea' id='block_1_98' title="bbox 1155 4967 2724 5050">
    <p class='ocr_par' dir='ltr' id='par_1_98' title="bbox 1155 4967 2724 5050">
     <span class='ocr_line' id='line_1_98' title="bbox 1155 4967 2724 5050; baseline -0.002 -17"><span class='ocrx_word' id='word_1_818' title='bbox 1155 4974 1223 5034; x_wconf 92' lang='lat' dir='ltr'><strong>S.</strong></span> <span class='ocrx_word' id='word_1_819' title='bbox 1278 4971 1741 5050; x_wconf 84' lang='lat' dir='ltr'><strong>QUINTIANI</strong></span> <span class='ocrx_word' id='word_1_820' title='bbox 1785 4969 1916 5031; x_wconf 80' lang='lat' dir='ltr'><strong>XII</strong></span> <span class='ocrx_word' id='word_1_821' title='bbox 1960 4967 2724 5032; x_wconf 78' lang='lat' dir='ltr'><strong>ANATHEMATISMI.</strong></span> 
     </span>
    </p>
   </div>
   <div class='ocr_carea' id='block_1_99' title="bbox 363 5138 1890 5216">
    <p class='ocr_par' dir='ltr' id='par_1_99' title="bbox 363 5138 1890 5216">
     <span class='ocr_line' id='line_1_99' title="bbox 363 5138 1890 5216; baseline -0.007 -16"><span class='ocrx_word' id='word_1_822' title='bbox 363 5145 446 5201; x_wconf 77' lang='lat' dir='ltr'><strong>A&#39;.</strong></span> <span class='ocrx_word' id='word_1_823' title='bbox 478 5147 592 5208; x_wconf 81' lang='grc' dir='ltr'><strong>Πᾶς</strong></span> <span class='ocrx_word' id='word_1_824' title='bbox 627 5144 781 5214; x_wconf 87' lang='grc' dir='ltr'>γοῦν,</span> <span class='ocrx_word' id='word_1_825' title='bbox 811 5146 961 5210; x_wconf 81' lang='grc' dir='ltr'>ὅστις</span> <span class='ocrx_word' id='word_1_826' title='bbox 994 5145 1144 5213; x_wconf 79' lang='grc' dir='ltr'><strong>λέγει</strong></span> <span class='ocrx_word' id='word_1_827' title='bbox 1173 5146 1303 5216; x_wconf 86' lang='grc' dir='ltr'>μίαν</span> <span class='ocrx_word' id='word_1_828' title='bbox 1335 5143 1496 5214; x_wconf 83' lang='grc' dir='ltr'>φύσιν</span> <span class='ocrx_word' id='word_1_829' title='bbox 1546 5139 1682 5194; x_wconf 89' lang='grc' dir='ltr'>Θεοῦ</span> <span class='ocrx_word' id='word_1_830' title='bbox 1716 5138 1890 5209; x_wconf 86' lang='grc' dir='ltr'><strong>Λόγου</strong></span> 
     </span>
    </p>
   </div>
   <div class='ocr_carea' id='block_1_100' title="bbox 287 5230 1777 5309">
    <p class='ocr_par' dir='ltr' id='par_1_100' title="bbox 287 5230 1777 5309">
     <span class='ocr_line' id='line_1_100' title="bbox 287 5230 1777 5309; baseline -0.005 -15"><span class='ocrx_word' id='word_1_831' title='bbox 287 5239 387 5294; x_wconf 72' lang='grc' dir='ltr'>καὶ</span> <span class='ocrx_word' id='word_1_832' title='bbox 424 5237 652 5309; x_wconf 87' lang='grc' dir='ltr'>σαρκὸς,</span> <span class='ocrx_word' id='word_1_833' title='bbox 684 5238 780 5292; x_wconf 84' lang='lat' dir='ltr'><strong>acai</strong></span> <span class='ocrx_word' id='word_1_834' title='bbox 808 5238 868 5291; x_wconf 79' lang='grc' dir='ltr'>οὐ</span> <span class='ocrx_word' id='word_1_835' title='bbox 898 5237 993 5291; x_wconf 86' lang='grc' dir='ltr'>δύο</span> <span class='ocrx_word' id='word_1_836' title='bbox 1033 5238 1342 5308; x_wconf 82' lang='grc' dir='ltr'>ήνωμένας,</span> <span class='ocrx_word' id='word_1_837' title='bbox 1377 5230 1777 5305; x_wconf 85' lang='grc' dir='ltr'>καθαιρείσθω.</span> 
     </span>
    </p>
   </div>
   <div class='ocr_carea' id='block_1_101' title="bbox 361 5415 1890 5494">
    <p class='ocr_par' dir='ltr' id='par_1_101' title="bbox 361 5415 1890 5494">
     <span class='ocr_line' id='line_1_101' title="bbox 361 5415 1890 5494; baseline -0.005 -19"><span class='ocrx_word' id='word_1_838' title='bbox 361 5422 405 5475; x_wconf 91' lang='grc' dir='ltr'>Β</span> <span class='ocrx_word' id='word_1_839' title='bbox 424 5460 440 5475; x_wconf 95' lang='grc'><strong>.</strong></span> <span class='ocrx_word' id='word_1_840' title='bbox 471 5421 581 5475; x_wconf 70' lang='grc' dir='ltr'><strong>Καὶ</strong></span> <span class='ocrx_word' id='word_1_841' title='bbox 605 5420 758 5492; x_wconf 54' lang='grc' dir='ltr'>εῐίτις</span> <span class='ocrx_word' id='word_1_842' title='bbox 778 5419 876 5494; x_wconf 81' lang='grc' dir='ltr'>[ῐσ.</span> <span class='ocrx_word' id='word_1_843' title='bbox 906 5419 1094 5493; x_wconf 79' lang='grc' dir='ltr'>ἄνουν]</span> <span class='ocrx_word' id='word_1_844' title='bbox 1118 5420 1274 5491; x_wconf 80' lang='grc' dir='ltr'>φέρει</span> <span class='ocrx_word' id='word_1_845' title='bbox 1294 5420 1394 5483; x_wconf 85' lang='grc' dir='ltr'><strong>τὰς</strong></span> <span class='ocrx_word' id='word_1_846' title='bbox 1419 5417 1512 5471; x_wconf 91' lang='grc' dir='ltr'><strong>δύο</strong></span> <span class='ocrx_word' id='word_1_847' title='bbox 1534 5415 1629 5471; x_wconf 87' lang='grc' dir='ltr'><strong>τοῦ</strong></span> <span class='ocrx_word' id='word_1_848' title='bbox 1650 5415 1890 5488; x_wconf 86' lang='grc' dir='ltr'>Χριστοῦ</span> 
     </span>
    </p>
   </div>
   <div class='ocr_carea' id='block_1_102' title="bbox 293 5506 1892 5585">
    <p class='ocr_par' dir='ltr' id='par_1_102' title="bbox 293 5506 1892 5585">
     <span class='ocr_line' id='line_1_102' title="bbox 293 5506 1892 5585; baseline -0.004 -18"><span class='ocrx_word' id='word_1_849' title='bbox 293 5511 506 5581; x_wconf 81' lang='grc' dir='ltr'>φύσεις,</span> <span class='ocrx_word' id='word_1_850' title='bbox 540 5511 717 5582; x_wconf 81' lang='grc' dir='ltr'>λέγων</span> <span class='ocrx_word' id='word_1_851' title='bbox 747 5512 882 5567; x_wconf 88' lang='grc' dir='ltr'>Θεὸν</span> <span class='ocrx_word' id='word_1_852' title='bbox 914 5512 1157 5568; x_wconf 87' lang='grc' dir='ltr'>παθόντα</span> <span class='ocrx_word' id='word_1_853' title='bbox 1188 5511 1353 5585; x_wconf 77' lang='grc' dir='ltr'>σαρκὶ</span> <span class='ocrx_word' id='word_1_854' title='bbox 1377 5550 1392 5571; x_wconf 90' lang='grc'><strong>.</strong></span> <span class='ocrx_word' id='word_1_855' title='bbox 1418 5509 1512 5563; x_wconf 80' lang='grc' dir='ltr'>καὶ</span> <span class='ocrx_word' id='word_1_856' title='bbox 1540 5509 1600 5562; x_wconf 80' lang='grc' dir='ltr'><strong>οὒ</strong></span> <span class='ocrx_word' id='word_1_857' title='bbox 1643 5506 1892 5562; x_wconf 85' lang='grc' dir='ltr'>παθόντα</span> 
     </span>
    </p>
   </div>
   <div class='ocr_carea' id='block_1_103' title="bbox 290 5599 1882 5679">
    <p class='ocr_par' dir='ltr' id='par_1_103' title="bbox 290 5599 1882 5679">
     <span class='ocr_line' id='line_1_103' title="bbox 290 5599 1882 5679; baseline -0.003 -19"><span class='ocrx_word' id='word_1_858' title='bbox 290 5599 532 5679; x_wconf 74' lang='grc' dir='ltr'>Χριστὸν</span> <span class='ocrx_word' id='word_1_859' title='bbox 559 5606 746 5678; x_wconf 82' lang='lat' dir='ltr'><strong>capaci,</strong></span> <span class='ocrx_word' id='word_1_860' title='bbox 775 5605 920 5660; x_wconf 81' lang='grc' dir='ltr'>κατὰ</span> <span class='ocrx_word' id='word_1_861' title='bbox 945 5606 1039 5661; x_wconf 89' lang='grc' dir='ltr'><strong>τὸν</strong></span> <span class='ocrx_word' id='word_1_862' title='bbox 1092 5603 1438 5668; x_wconf 81' lang='grc' dir='ltr'>Ἀπόστο).ον,</span> <span class='ocrx_word' id='word_1_863' title='bbox 1481 5600 1882 5676; x_wconf 84' lang='grc' dir='ltr'>καθαιρείσθω.</span> 
     </span>
    </p>
   </div>
   <div class='ocr_carea' id='block_1_104' title="bbox 2067 5139 3588 5210">
    <p class='ocr_par' dir='ltr' id='par_1_104' title="bbox 2067 5139 3588 5210">
     <span class='ocr_line' id='line_1_104' title="bbox 2067 5139 3588 5210; baseline 0.007 -19"><span class='ocrx_word' id='word_1_864' title='bbox 2067 5139 2104 5192; x_wconf 93' lang='grc' dir='ltr'>Ι.</span> <span class='ocrx_word' id='word_1_865' title='bbox 2141 5139 2331 5194; x_wconf 88' lang='lat' dir='ltr'><strong>Omnis</strong></span> <span class='ocrx_word' id='word_1_866' title='bbox 2362 5154 2492 5210; x_wconf 84' lang='lat' dir='ltr'><strong>ergo</strong></span> <span class='ocrx_word' id='word_1_867' title='bbox 2516 5140 2609 5210; x_wconf 87' lang='lat' dir='ltr'><strong>qui</strong></span> <span class='ocrx_word' id='word_1_868' title='bbox 2640 5139 2774 5195; x_wconf 90' lang='lat' dir='ltr'><strong>dicit</strong></span> <span class='ocrx_word' id='word_1_869' title='bbox 2815 5155 2978 5196; x_wconf 88' lang='lat' dir='ltr'><strong>unam</strong></span> <span class='ocrx_word' id='word_1_870' title='bbox 3005 5149 3252 5196; x_wconf 87' lang='lat' dir='ltr'><strong>naturam</strong></span> <span class='ocrx_word' id='word_1_871' title='bbox 3291 5141 3385 5196; x_wconf 90' lang='lat' dir='ltr'><strong>Dei</strong></span> <span class='ocrx_word' id='word_1_872' title='bbox 3421 5141 3588 5202; x_wconf 86' lang='lat' dir='ltr'><strong>Verbi</strong></span> 
     </span>
    </p>
   </div>
   <div class='ocr_carea' id='block_1_105' title="bbox 1992 5234 3582 5305">
    <p class='ocr_par' dir='ltr' id='par_1_105' title="bbox 1992 5234 3582 5305">
     <span class='ocr_line' id='line_1_105' title="bbox 1992 5234 3582 5305; baseline 0.004 -18"><span class='ocrx_word' id='word_1_873' title='bbox 1992 5244 2044 5287; x_wconf 81' lang='lat' dir='ltr'><strong>ct</strong></span> <span class='ocrx_word' id='word_1_874' title='bbox 2099 5234 2319 5298; x_wconf 77' lang='lat' dir='ltr'><strong>carnis,</strong></span> <span class='ocrx_word' id='word_1_875' title='bbox 2381 5251 2486 5290; x_wconf 89' lang='lat' dir='ltr'><strong>non</strong></span> <span class='ocrx_word' id='word_1_876' title='bbox 2550 5235 2686 5289; x_wconf 90' lang='lat' dir='ltr'><strong>duas</strong></span> <span class='ocrx_word' id='word_1_877' title='bbox 2737 5235 2916 5291; x_wconf 89' lang='lat' dir='ltr'><strong>unitas</strong></span> <span class='ocrx_word' id='word_1_878' title='bbox 2967 5235 3373 5305; x_wconf 85' lang='lat' dir='ltr'><strong>indivisasque,</strong></span> <span class='ocrx_word' id='word_1_879' title='bbox 3432 5237 3582 5294; x_wconf 87' lang='lat' dir='ltr'><strong>dam-</strong></span> 
     </span>
    </p>
   </div>
   <div class='ocr_carea' id='block_1_106' title="bbox 1999 5334 2178 5379">
    <p class='ocr_par' dir='ltr' id='par_1_106' title="bbox 1999 5334 2178 5379">
     <span class='ocr_line' id='line_1_106' title="bbox 1999 5334 2178 5379; baseline 0.006 -3"><span class='ocrx_word' id='word_1_880' title='bbox 1999 5334 2178 5379; x_wconf 87' lang='lat' dir='ltr'><strong>netur.</strong></span> 
     </span>
    </p>
   </div>
   <div class='ocr_carea' id='block_1_107' title="bbox 2067 5415 3586 5486">
    <p class='ocr_par' dir='ltr' id='par_1_107' title="bbox 2067 5415 3586 5486">
     <span class='ocr_line' id='line_1_107' title="bbox 2067 5415 3586 5486; baseline 0.004 -18"><span class='ocrx_word' id='word_1_881' title='bbox 2067 5415 2131 5470; x_wconf 84' lang='lat' dir='ltr'><strong>il.</strong></span> <span class='ocrx_word' id='word_1_882' title='bbox 2178 5415 2236 5472; x_wconf 93' lang='lat' dir='ltr'><strong>Si</strong></span> <span class='ocrx_word' id='word_1_883' title='bbox 2290 5416 2415 5486; x_wconf 86' lang='lat' dir='ltr'><strong>quis</strong></span> <span class='ocrx_word' id='word_1_884' title='bbox 2445 5417 2732 5472; x_wconf 79' lang='lat' dir='ltr'><strong>confundit</strong></span> <span class='ocrx_word' id='word_1_885' title='bbox 2760 5419 2895 5474; x_wconf 77' lang='lat' dir='ltr'><strong>duas</strong></span> <span class='ocrx_word' id='word_1_886' title='bbox 2928 5417 3132 5474; x_wconf 85' lang='lat' dir='ltr'><strong>Christi</strong></span> <span class='ocrx_word' id='word_1_887' title='bbox 3174 5427 3437 5484; x_wconf 83' lang='lat' dir='ltr'><strong>naturas,</strong></span> <span class='ocrx_word' id='word_1_888' title='bbox 3501 5419 3586 5475; x_wconf 60' lang='lat' dir='ltr'><strong>dio</strong></span> 
     </span>
    </p>
   </div>
   <div class='ocr_carea' id='block_1_108' title="bbox 1993 5508 3582 5579">
    <p class='ocr_par' dir='ltr' id='par_1_108' title="bbox 1993 5508 3582 5579">
     <span class='ocr_line' id='line_1_108' title="bbox 1993 5508 3582 5579; baseline 0.002 -16"><span class='ocrx_word' id='word_1_889' title='bbox 1993 5523 2126 5564; x_wconf 89' lang='lat' dir='ltr'><strong>cens</strong></span> <span class='ocrx_word' id='word_1_890' title='bbox 2159 5508 2327 5564; x_wconf 89' lang='lat' dir='ltr'><strong>Deum</strong></span> <span class='ocrx_word' id='word_1_891' title='bbox 2360 5523 2581 5579; x_wconf 89' lang='lat' dir='ltr'><strong>passum</strong></span> <span class='ocrx_word' id='word_1_892' title='bbox 2621 5523 2788 5565; x_wconf 84' lang='lat' dir='ltr'><strong>carne</strong></span> <span class='ocrx_word' id='word_1_893' title='bbox 2820 5518 2874 5564; x_wconf 89' lang='grc' dir='ltr'><strong>ει</strong></span> <span class='ocrx_word' id='word_1_894' title='bbox 2901 5524 3008 5566; x_wconf 93' lang='lat' dir='ltr'><strong>non</strong></span> <span class='ocrx_word' id='word_1_895' title='bbox 3029 5541 3033 5546; x_wconf 58' lang='grc' dir='ltr'><strong><em>λ</em></strong></span> <span class='ocrx_word' id='word_1_896' title='bbox 3055 5524 3278 5578; x_wconf 87' lang='lat' dir='ltr'><strong>passum</strong></span> <span class='ocrx_word' id='word_1_897' title='bbox 3303 5509 3582 5566; x_wconf 86' lang='lat' dir='ltr'><strong>Christum</strong></span> 
     </span>
    </p>
   </div>
   <div class='ocr_carea' id='block_1_109' title="bbox 1990 5601 3243 5674">
    <p class='ocr_par' dir='ltr' id='par_1_109' title="bbox 1990 5601 3243 5674">
     <span class='ocr_line' id='line_1_109' title="bbox 1990 5601 3243 5674; baseline -0.002 -16"><span class='ocrx_word' id='word_1_898' title='bbox 1990 5617 2180 5672; x_wconf 86' lang='lat' dir='ltr'><strong>carne,</strong></span> <span class='ocrx_word' id='word_1_899' title='bbox 2213 5603 2511 5659; x_wconf 86' lang='lat' dir='ltr'><strong>secundum</strong></span> <span class='ocrx_word' id='word_1_900' title='bbox 2546 5601 2891 5674; x_wconf 87' lang='lat' dir='ltr'><strong>Apostolum,</strong></span> <span class='ocrx_word' id='word_1_901' title='bbox 2931 5601 3243 5656; x_wconf 86' lang='lat' dir='ltr'><strong>damnetur.</strong></span> 
     </span>
    </p>
   </div>
   <div class='ocr_carea' id='block_1_110' title="bbox 375 5753 3585 5827">
    <p class='ocr_par' dir='ltr' id='par_1_110' title="bbox 375 5753 3585 5827">
     <span class='ocr_line' id='line_1_110' title="bbox 375 5753 3585 5827; baseline -0.001 -12"><span class='ocrx_word' id='word_1_902' title='bbox 375 5753 394 5792; x_wconf 76' lang='grc' dir='ltr'><strong>ί</strong></span> <span class='ocrx_word' id='word_1_903' title='bbox 425 5760 644 5816; x_wconf 71' lang='lat' dir='ltr'><strong>(litatur</strong></span> <span class='ocrx_word' id='word_1_904' title='bbox 683 5763 771 5817; x_wconf 89' lang='lat' dir='ltr'><strong>hic</strong></span> <span class='ocrx_word' id='word_1_905' title='bbox 798 5762 952 5818; x_wconf 88' lang='lat' dir='ltr'><strong>locus</strong></span> <span class='ocrx_word' id='word_1_906' title='bbox 983 5764 1050 5814; x_wconf 85' lang='lat' dir='ltr'><strong>ab</strong></span> <span class='ocrx_word' id='word_1_907' title='bbox 1080 5761 1370 5816; x_wconf 86' lang='lat' dir='ltr'><strong>Anastasio</strong></span> <span class='ocrx_word' id='word_1_908' title='bbox 1403 5776 1504 5815; x_wconf 88' lang='lat' dir='ltr'><strong>ms.</strong></span> <span class='ocrx_word' id='word_1_909' title='bbox 1535 5760 1631 5816; x_wconf 83' lang='lat' dir='ltr'><strong>fol.</strong></span> <span class='ocrx_word' id='word_1_910' title='bbox 1664 5759 1767 5817; x_wconf 74' lang='grc'><strong>184</strong></span> <span class='ocrx_word' id='word_1_911' title='bbox 1795 5774 1861 5815; x_wconf 78' lang='lat' dir='ltr'><strong>ex</strong></span> <span class='ocrx_word' id='word_1_912' title='bbox 1904 5758 2287 5827; x_wconf 82' lang='lat' dir='ltr'><strong>Quintilliano.</strong></span> <span class='ocrx_word' id='word_1_913' title='bbox 2319 5758 2493 5815; x_wconf 68' lang='lat' dir='ltr'><strong>ﬂama.</strong></span> <span class='ocrx_word' id='word_1_914' title='bbox 2573 5762 2595 5800; x_wconf 76' lang='grc' dir='ltr'><strong>ε</strong></span> <span class='ocrx_word' id='word_1_915' title='bbox 2623 5759 2785 5816; x_wconf 87' lang='lat' dir='ltr'><strong>Forte</strong></span> <span class='ocrx_word' id='word_1_916' title='bbox 2812 5759 2865 5815; x_wconf 89' lang='lat' dir='ltr'><strong>in</strong></span> <span class='ocrx_word' id='word_1_917' title='bbox 2899 5756 3088 5814; x_wconf 68' lang='lat' dir='ltr'><strong>Graeco</strong></span> <span class='ocrx_word' id='word_1_918' title='bbox 3119 5767 3374 5812; x_wconf 74' lang='lat' dir='ltr'><strong>mortuus.</strong></span> <span class='ocrx_word' id='word_1_919' title='bbox 3413 5757 3585 5819; x_wconf 64' lang='lat' dir='ltr'><strong>Hann.</strong></span> 
     </span>
    </p>
   </div>
   <div class='ocr_carea' id='block_1_111' title="bbox 294 5828 1252 5902">
    <p class='ocr_par' dir='ltr' id='par_1_111' title="bbox 294 5828 1252 5902">
     <span class='ocr_line' id='line_1_111' title="bbox 294 5828 1252 5902; baseline -0.002 -13"><span class='ocrx_word' id='word_1_920' title='bbox 294 5828 324 5871; x_wconf 63' lang='grc' dir='ltr'>δ</span> <span class='ocrx_word' id='word_1_921' title='bbox 345 5832 402 5889; x_wconf 83' lang='lat' dir='ltr'><strong>in</strong></span> <span class='ocrx_word' id='word_1_922' title='bbox 429 5830 646 5896; x_wconf 67' lang='lat' dir='ltr'><strong>Graeco,</strong></span> <span class='ocrx_word' id='word_1_923' title='bbox 675 5833 1038 5902; x_wconf 75' lang='lat' dir='ltr'><strong>Ityposlaseos.</strong></span> <span class='ocrx_word' id='word_1_924' title='bbox 1077 5831 1252 5888; x_wconf 62' lang='lat' dir='ltr'><strong>Hann.</strong></span> 
     </span>
    </p>
   </div>
   <div class='ocr_carea' id='block_1_112' title="bbox 697 5925 1448 5988">
    <p class='ocr_par' dir='ltr' id='par_1_112' title="bbox 697 5925 1448 5988">
     <span class='ocr_line' id='line_1_112' title="bbox 697 5925 1448 5988; baseline -0.001 0"><span class='ocrx_word' id='word_1_925' title='bbox 697 5929 970 5988; x_wconf 76' lang='grc' dir='ltr'>ΡΑτιιοῐ..</span> <span class='ocrx_word' id='word_1_926' title='bbox 1006 5925 1125 5985; x_wconf 75' lang='lat' dir='ltr'><strong>Gn.</strong></span> <span class='ocrx_word' id='word_1_927' title='bbox 1161 5926 1265 5987; x_wconf 85' lang='lat' dir='ltr'><strong>LX</strong></span> <span class='ocrx_word' id='word_1_928' title='bbox 1277 5927 1448 5987; x_wconf 83' lang='lat' dir='ltr'><strong>XXV.</strong></span> 
     </span>
    </p>
   </div>
   <div class='ocr_carea' id='block_1_113' title="bbox 3197 5860 3276 5979">
    <p class='ocr_par' dir='ltr' id='par_1_113' title="bbox 3197 5860 3276 5979">
     <span class='ocr_line' id='line_1_113' title="bbox 3197 5860 3276 5979; baseline -0.013 0"><span class='ocrx_word' id='word_1_929' title='bbox 3197 5860 3276 5979; x_wconf 64' lang='lat'><strong>35</strong></span> 
     </span>
    </p>
   </div>
  </div>
