4086 6398
540 384 573 448 1
591 384 684 448 :39

1559 376 1619 436 S.
1661 372 2069 449 QUINTIANI
2112 371 2775 473 AIVATHEMATISMI.

3696 370 3828 435 I740

614 491 704 550 III.
755 491 813 548 Si
846 490 968 562 quis
1025 488 1415 561 impassibilem
1452 496 1505 543 et
1559 485 1924 542 immortalem
1963 484 2132 539 Deum

2307 482 2381 535 I".
2408 483 2516 536 Καὶ
2550 482 2602 535 εί
2634 499 2717 545 τις
2776 481 2868 534 τὸν
2894 480 3081 551 ἀπαθῆ
3123 479 3221 536 καὶ
3255 479 3526 535 ἀθάνατον
3567 480 3703 535 Θεὸν
3730 484 3831 536 Λό-

552 586 790 641 Verlium
822 582 952 636 dicit
980 593 1305 635 conversum
1338 577 1390 631 in
1432 575 1737 647 passionem
1784 581 1841 629 et
1877 580 2132 633 mortem,

542 684 599 730 et
632 690 738 728 non
773 671 876 725 hoc
908 669 1085 725 reddit
1121 669 1242 735 eius
1282 667 1467 733 carni,
1501 667 1811 720 damnetur.

615 764 707 819 lV.
758 764 816 818 Si
847 762 970 832 quis
1004 775 1202 817 nomen
1235 761 1493 830 trisagion
1519 801 1535 826 ,
1595 757 1698 813 hoc
1730 764 1851 821 est,
1890 763 1972 810 ter
2019 771 2138 810 san-

545 866 710 918 ctum,
742 855 877 908 dicit
920 863 1143 924 propter
1172 866 1268 906 nos
1297 850 1623 906 cruciﬁxum
1656 890 1671 914 ,
1725 859 1780 904 et
1815 864 1921 904 non
1956 848 2137 903 Domi-

550 965 679 1002 num
745 945 933 1001 .lesum
992 944 1272 1000 Christum
1349 942 1545 998 Filium
1606 942 1699 997 Dei
1751 941 2134 1013 unigenitum,

547 1041 862 1095 damnetur.
1395 1089 1400 1093 .

619 1132 688 1188 Υ.
724 1134 781 1188 Si
812 1132 935 1203 quis
966 1139 1089 1203 post
1119 1146 1306 1186 vocem
1352 1139 1432 1184 ter
1470 1137 1735 1194 sanctam,
1782 1126 1951 1182 Deum
2006 1126 2137 1181 dicit

552 1228 877 1281 cruciﬁxum
935 1233 1158 1295 propter
1198 1238 1323 1290 nos,
1373 1231 1428 1277 et
1480 1236 1587 1275 non
1628 1220 1808 1289 potius
1852 1235 2018 1274 unum
2051 1218 2141 1273 Fi-

553 1319 709 1381 lium,
738 1317 824 1371 cui
875 1316 929 1370 in
962 1316 1143 1372 medio
1185 1324 1269 1371 ter
1300 1326 1504 1371 sancta:
1546 1314 1700 1369 vocis
1736 1313 1968 1384 hymnus
2007 1311 2139 1364 dici-

553 1420 639 1463 tur
660 1450 675 1476 ,
710 1411 1018 1463 tlatnnclttr.

627 1501 712 1555 \‘l.
762 1500 818 1554 Si
850 1502 977 1570 quis
1010 1499 1286 1554 hominem
1333 1501 1461 1555 dicit
1490 1503 1581 1571 qui
1620 1516 1721 1571 pro
1764 1499 1917 1552 nobis
1962 1497 2142 1550 cruci-

552 1592 829 1655 llxusest,
862 1592 979 1647 sive
1012 1589 1527 1658 Deum,-dividendo
1559 1603 1805 1653 naturas,
1829 1600 1882 1644 ct
1908 1604 2012 1643 non
2047 1603 2141 1644 eas

550 1682 857 1754 copulando
880 1682 937 1738 in
969 1682 1328 1737 cruciﬁxione
1351 1682 1468 1751 ejus
1496 1723 1514 1750 ,
1560 1683 1870 1738 damnetur.

624 1774 738 1831 VII.
786 1775 845 1829 Si
900 1776 1027 1844 quis
1075 1776 1278 1830 nudum
1312 1775 1585 1830 hominem
1618 1777 1785 1839 dicit,
1824 1775 1964 1830 sicut
2003 1773 2140 1828 Pau-

2236 588 2333 639 γον
2364 571 2668 643 τετράφθαι
2709 574 2789 634 είς
2832 571 3006 635 πάθος
3037 572 3132 624 καὶ
3192 573 3272 634 εἰς
3304 571 3495 642 θνῆσίν
3530 590 3696 641 φησι.
3736 575 3831 626 καὶ

2237 666 2337 717 οὐκ
2367 664 2603 732 ἀποδιδῷ
2631 663 2691 717 τὸ
2719 663 2891 727 πάθος
2918 667 2982 735 τῇ
3016 664 3180 717 αὑτοῦ
3207 666 3396 734 σαρκὶ,
3425 665 3823 736 καθαιρείσθω.

2310 761 2384 810 Δ’.
2419 758 2530 811 Καὶ
2561 756 2712 819 εἴτις
2745 757 2845 825 τὴν
2868 758 3185 825 τρισαγίαν
3211 757 3362 824 λέγει
3389 757 3458 810 δι’
3481 760 3632 829 ἡμᾶς
3669 775 3832 811 σταυ-

2241 849 2512 919 ρωθεῖσαν
2550 848 2815 918 θεότητα,
2850 850 2945 900 καλ⁹
2974 848 3097 917 οὐχὶ
3138 847 3230 900 τὸν
3267 848 3472 919 Κύριον
3517 849 3675 918 ἡμῶν
3733 851 3808 921 ’1η

2241 942 2370 996 σοῦν
2400 941 2659 1012 Χριστὸν,
2692 942 2782 994 τὸν
2810 941 2939 994 Υίδν
2971 940 3066 993 τοῦ
3097 939 3255 1006 Θεοῦ,
3291 940 3685 1013 καθαιρείσθω.

2312 1124 2387 1177 Ε’.
2426 1123 2536 1177 Καὶ
2563 1121 2618 1176 εἴ
2640 1139 2725 1187 τις
2747 1122 2893 1177 κατὰ
2919 1120 3019 1193 τὴν
3037 1123 3329 1191 τρισαγίαν
3354 1124 3561 1196 φωνὴν.
3595 1126 3837 1196 Χριστὸν

2240 1216 2388 1284 λέγει
2428 1215 2840 1285 σταυρωθέντα,
2876 1216 2970 1268 καὶ
3015 1216 3138 1286 οὐχὶ
3175 1216 3380 1287 μᾶλλον
3424 1218 3514 1269 τὸν
3547 1217 3643 1269 ενα
3678 1219 3829 1284 Tios,

2240 1307 2332 1359 τὸν
2372 1308 2431 1358 ὲν
2481 1307 2633 1377 μέσῳ
2670 1306 2775 1375 τῆς
2821 1305 3113 1377 τρισαγίας
3161 1307 3347 1377 φωνῆς
3381 1309 3830 1378 άνυμνοὺμενον,

2242 1395 2641 1467 καθαιρείσθω.

2313 1489 2407 1556 (ξ’.
2440 1487 2551 1539 Καὶ
2582 1484 2634 1539 εί
2654 1504 2734 1550 τις
2768 1485 3056 1559 ἄνθρωπον
3090 1487 3237 1556 λέγει
3267 1488 3361 1541 τὸν
3390 1488 3458 1542 δι’
3488 1491 3635 1557 ἡμᾶς
3662 1507 3830 1544 σταν-

2246 1580 2509 1653 ρωθέντα,
2545 1580 2664 1649 ἦτοι
2683 1580 2775 1632 τὸν
2801 1579 2955 1645 Θεὸν,
2989 1580 3245 1651 χωρίζων
3273 1582 3373 1645 τὰς
3398 1581 3611 1651 φύσεις,
3639 1583 3732 1635 καὶ
3765 1585 3829 1638 οὐ

2244 1675 2534 1729 συνάπτων
2568 1675 2626 1726 ἐν
2670 1673 2749 1745 τῷ
2788 1674 3393 1745 σταυροῦσθαι“αὐτὺν,
3436 1677 3829 1746 καθαιρείσθω.

2310 1747 2390 1820 ’Ζ’.
2423 1766 2533 1819 Ka't
2561 1767 2716 1828 εἴτις
2742 1765 2896 1833 «ltiti»;
2921 1766 3210 1837 ἄνθρωπον
3238 1767 3427 1836 λέγει,
3458 1768 3535 1832 ὼς
3565 1771 3777 1833 Παῦλος
3806 1774 3837 1824 ὁ

552 1868 638 1921 lus
676 1868 1092 1930 Samosateuus,
1143 1874 1235 1919 aut
1281 1866 1423 1920 sicut
1448 1866 1746 1933 Photinus,
1779 1868 2086 1921 damnetur.

2246 1858 2644 1929 Σαμοσατέων,
2681 1857 2714 1928 ἢ
2760 1856 2952 1927 ὥσπερ
2986 1859 3281 1925 Φωτεινὸς,
3317 1858 3834 1931 άναθεματιζέσθω.

631 1959 767 2016 VIII.
804 1960 863 2013 Si
908 1960 1032 2029 quis
1063 1959 1194 2014 dicit
1221 1960 1356 2013 duas
1394 1974 1677 2029 personas,
1704 1974 1796 2014 seu
1829 1960 2138 2013 subsisten-

556 2055 676 2119 tias,
720 2063 903 2108 etnon
936 2053 1113 2121 potius
1140 2051 1278 2106 duas
1308 2060 1532 2105 naturas
1578 2051 1630 2104 in
1655 2066 1815 2104 unam
1850 2064 2139 2120 personam

552 2154 607 2199 ct
664 2160 826 2197 unam
873 2141 1285 2198 subsistentiam
1346 2152 1775 2205 concurrentes,
1829 2142 2140 2195 damnetur.

626 2234 717 2289 IX.
759 2235 815 2288 Si
874 2232 1262 2303 quis'alterius
1318 2232 1644 2289 substantiae
1690 2232 1892 2286 dixerit
1922 2247 2142 2285 carnem

554 2327 767 2382 Domini
806 2342 837 2380 a
880 2340 1048 2380 carne
1088 2335 1269 2380 nostra
1300 2364 1315 2390 ,
1347 2334 1402 2381 et
1450 2339 1557 2378 non
1607 2324 1786 2393 potius
1815 2323 1971 2379 nobis
2013 2336 2145 2378 con-

552 2419 968 2474 substantialem
999 2420 1208 2487 absque
1245 2427 1509 2485 peccato.
1546 2417 1857 2471 damnetur.

624 2509 694 2564 Χ.
736 2511 793 2565 Si
826 2510 952 2579 quis
984 2506 1151 2563 Deum
1184 2508 1487 2571 hominem,
1523 2519 1579 2562 et
1619 2522 1726 2562 non
1770 2507 1940 2578 magis
1974 2504 2143 2561 Deum

550 2614 607 2656 et
652 2603 928 2656 hominem
961 2600 1095 2655 dicit
1121 2641 1135 2667 ,
1176 2600 1487 2655 damnetur.

626 2692 716 2747 XI.
765 2692 822 2747 Si
851 2694 975 2762 quis
999 2692 1137 2747 dicit
1157 2702 1402 2747 creatum
1438 2690 1620 2745 Patris
1650 2689 1911 2756 Verbum,
1947 2701 2002 2747 et
2035 2706 2143 2747 non

554 2787 728 2855 magis
752 2784 868 2853 ejus
911 2798 1137 2840 carnem
1166 2823 1183 2850 ,
1215 2791 1270 2837 et
1315 2783 1361 2838 si
1395 2785 1519 2852 quis
1544 2784 1675 2839 dicit
1707 2786 2146 2840 consubstantia-

554 2876 659 2929 lem
695 2889 918 2930 carnem
952 2874 1163 2932 Domini
1196 2873 1306 2929 Deo
1345 2884 1399 2929 et
1433 2874 1579 2929 Patri
1610 2913 1625 2939 ,
1687 2888 1743 2930 et
1795 2891 1903 2932 non
1957 2878 2139 2947 potius

556 2966 725 3021 Deum
761 2964 1006 3020 Verbum
1028 3005 1044 3030 ,
1096 2966 1406 3020 danmetur.

624 3054 743 3111 XII.
775 3058 832 3110 Si
869 3057 991 3126 quis
1020 3054 1153 3111 dicit
1196 3055 1320 3111 sine
1356 3066 1539 3110 mente
1567 3064 1623 3110 et
1650 3055 1770 3111 sine
1818 3058 2000 3111 anima
2032 3055 2144 3111 Do-

2299 2226 2377 2279 8'.
2414 2226 2522 2279 Kal
2549 2225 2706 2289 είτις
2735 2225 3077 2295 ἑτεροούσιον
3099 2225 3249 2292 λέγει
3271 2231 3371 2297 τῆς
3396 2228 3674 2299 ἡμετέρας
3697 2246 3840 2298 σαρ-

2241 2319 2337 2383 κὸς
2367 2318 2465 2388 τὴν
2490 2318 2671 2389 σάρκα
2696 2315 2789 2371 τοῦ
2820 2317 3082 2389 Χριστοῦ,
3111 2318 3207 2371 καὶ
3231 2320 3352 2389 οὐχὶ
3375 2319 3440 2391 δὴ
3472 2319 3673 2389 μᾶλλον
3698 2321 3842 2389 ἡμῖν

2242 2412 2548 2479 όμοούσιον,
2581 2412 2751 2481 χωρὶς
2784 2411 3087 2483 ἁμαρτίας.
3119 2409 3517 2481 καθαιρείσθω.

2315 2501 2369 2554 l'.
2407 2499 2518 2555 Kal.
2546 2501 2599 2553 ετ
2644 2517 2729 2563 τις
2773 2501 3160 2573 θεανθρωπίαν
3198 2501 3370 2571 λέγει,
3402 2503 3498 2557 καὶ
3538 2506 3661 2575 οὐχὶ
3697 2505 3842 2560 Θεὸν

2244 2593 2341 2647 καὶ
2366 2592 2655 2662 ἄνθρωπον
2684 2592 2887 2662 μᾶλλον
2916 2594 3105 2664 λέγει,
3136 2593 3653 2667 mammam.

2247 2907 2263 2923 ο
2344 2910 2355 2922 ι
2439 2908 2455 2924 0
2550 2909 2565 2923 ο
2646 2911 2661 2925 0
2739 2908 2758 2924 0
2837 2909 2853 2924 ο
2934 2906 2951 2924 0
3034 2908 3052 2925 0
3131 2911 3145 2926 ο
3241 2906 3259 2925 0
3339 2908 3357 2926 0
3438 2907 3455 2925 0
3535 2906 3554 2925 0
3631 2908 3647 2924 ο
3722 2907 3739 2925 0
3816 2908 3840 2930 ο

2251 3003 2263 3017 ο
2344 3001 2357 3015 ο
2441 3002 2456 3017 Ο
2539 3004 2552 3017 0
2636 3002 2650 3016 ο
2731 3000 2748 3016 ο
2820 3000 2835 3015 ο
2916 3001 2931 3016 ο
3011 3001 3027 3016 ο
3104 3003 3122 3018 ο

2316 3053 2416 3107 IB’.
2454 3054 2568 3108 Kal.
2600 3056 2654 3108 εί
2679 3070 2765 3119 τις
2795 3053 2946 3124 λέγει
2991 3052 3090 3128 [ίσ.
3125 3049 3315 3129 φόρει]
3354 3052 3682 3126 ἄνθρωπον,
3735 3058 3842 3110 καὶ

555 3150 761 3205 minum
785 3161 1033 3203 nostrum
1059 3147 1244 3203 Jesum
1260 3146 1569 3213 Christum,
1594 3156 1648 3202 et
1675 3162 1773 3218 pro
1799 3161 1862 3202 ea
1887 3148 2138 3205 habuisse

2246 3144 2456 3217 ἄψυχον
2483 3147 2579 3201 τὸν
2608 3145 2816 3219 Κύριον
2847 3147 3007 3219 ἡμῶν
3059 3147 3270 3218 Ἰησοῦν
3297 3146 3558 3218 Χριστὸν,
3592 3149 3686 3202 καὶ
3712 3152 3844 3205 ἀντὶ

553 3240 937 3303 divinitatem,
983 3246 1041 3293 et
1088 3250 1155 3291 ea
1210 3239 1313 3293 hoc
1358 3237 1648 3292 dicendum
1704 3253 1926 3306 passum
1978 3255 2138 3293 carne

2244 3236 2427 3307 ψυχῆς
2460 3236 2606 3308 ἔχειν
2642 3239 2743 3308 τὴν
2773 3237 3030 3309 θεότητα,
3061 3240 3157 3292 καὶ
3181 3238 3255 3301 ὡς
3284 3240 3349 3293 ὲκ
3375 3238 3574 3295 τούτου
3601 3241 3844 3311 πάσχειν

554 3334 748 3397 Deum,
771 3340 827 3385 et
868 3345 978 3384 non
1021 3330 1195 3399 magis
1244 3338 1483 3383 mentem
1517 3343 1644 3384 cum
1671 3330 1852 3384 anima
1884 3333 2140 3388 rationali

553 3424 912 3479 huiuanatum
944 3418 1116 3474 Deum
1149 3418 1406 3486 Verbum,
1452 3432 1507 3475 et
1534 3423 1925 3491 inpassibilem
1957 3426 2143 3479 dicen-

555 3517 682 3568 dum
707 3513 962 3568 eumdem
1005 3510 1326 3577 divinitate,
1372 3512 1716 3570 humanitate
1742 3526 1873 3571 veno
1902 3516 2141 3587 passibi-

553 3608 682 3671 Ictu,
712 3607 1022 3659 damnetur.

620 3699 730 3753 llas
770 3696 1059 3753 duodecim
1095 3697 1465 3767 depositioncs
1494 3698 1572 3769 (I)
1627 3700 1749 3755 misi
1783 3700 1899 3766 tibi,
1936 3709 1993 3754 ut
2032 3710 2144 3756 ter-

555 3791 797 3847 refectus
837 3790 1066 3843 istorum
1097 3789 1354 3859 judiciis,
1402 3793 1736 3846 removearis
1767 3793 1837 3845 ab
1873 3794 2019 3846 omni
2055 3803 2143 3847 tua

555 3880 737 3949 iniqua
771 3880 1059 3945 novitate;
1100 3877 1305 3941 sciens,
1342 3881 1485 3948 quod
1519 3889 1737 3949 oportet
1784 3882 1939 3951 sequi
1994 3882 2145 3937 rct‘c-

553 3974 809 4027 latiouem
881 3971 1213 4026 sanctissimi
1284 3968 1468 4024 Procli
1529 3972 2144 4043 Constantinopolitanm

554 4066 813 4120 Ecclesiae
840 4064 1106 4134 episcolii,
1143 4064 1418 4133 quomodo
1466 4064 1517 4118 in
1560 4081 1814 4135 campum
1865 4082 1987 4119 cum
2031 4075 2143 4119 toto

558 4159 753 4226 popqu
780 4158 1080 4221 ceucurrit,
1114 4156 1415 4211 ﬂuctuante
1441 4158 1555 4227 ipsa
1585 4159 1811 4213 civitate
1834 4159 1934 4213 sub
1956 4166 2145 4213 terra:-

550 4263 743 4313 inotu,
804 4257 861 4304 et
910 4249 1166 4304 omnibus
1222 4249 1407 4303 ﬂetum
1449 4250 1870 4315 eminentibus,
1919 4259 2143 4319 repente

553 4355 779 4408 puerum
824 4339 878 4391 in
907 4353 1034 4393 aera
1071 4337 1239 4392 levari
1271 4355 1299 4390 a
1334 4339 1570 4406 quadam
1611 4340 1812 4392 virtute
1839 4376 1855 4402 ,
1913 4348 1968 4391 et
2018 4337 2143 4390 huic

553 4432 756 4502 imponi
787 4431 1071 4500 trisagium
1102 4430 1327 4493 litanias,
1379 4438 1436 4483 et
1460 4430 1646 4483 dicere
1675 4445 1687 4482 :
1721 4427 1952 4483 Sanctus
1978 4428 2137 4494 Deus,

2247 3329 2417 3397 σαρκὶ
2442 3328 2534 3380 τὸν
2564 3327 2697 3381 Θεὸν
2717 3329 2891 3397 Λόγον
2916 3328 3085 3398 λέγει,
3115 3330 3211 3382 καὶ
3236 3330 3361 3399 οὐχὶ
3387 3330 3450 3401 δὴ
3476 3331 3678 3401 μᾶλλον
3709 3331 3843 3385 νοῦν

2245 3416 2415 3487 ἔχειν,
2446 3416 2546 3489 τὴν
2582 3419 2761 3490 ψυχὴν
2789 3420 2890 3485 τὴν
2923 3418 3152 3488 λογικὴν
3183 3418 3541 3489 ἀνειληφέναι
3572 3420 3664 3475 τὸν
3697 3420 3843 3473 Θεὸν

2245 3510 2457 3578 Λόγον,
2487 3511 2581 3564 καὶ
2626 3510 2815 3580 ἁπαθῆ
2841 3510 2991 3579 λέγει
3018 3513 3184 3564 αὐτὸν
3221 3514 3289 3582 τῇ
3322 3511 3561 3583 θεότητι,
3591 3514 3842 3585 παθητὸν

2242 3599 2298 3653 δὲ
2326 3604 2392 3671 τῇ
2427 3600 2832 3672 ἀνθρωπότητι,
2862 3602 3255 3673 καθαιρείσθω.

2319 3695 2534 3756 Ταύτας
2574 3696 2671 3758 τάς
2713 3697 2920 3748 δώδεκα
2972 3697 3323 3766 καθαιρέσεις
3377 3695 3677 3751 ἀπέστειλά
3711 3714 3795 3750 σοι
3820 3740 3838 3761 ,

2245 3788 2396 3853 ὅπως
2441 3788 2703 3857 φοϐηθεὶς
2738 3790 2945 3842 τούτων
2982 3791 3080 3851 τάς
3117 3790 3330 3858 κρίσεις
3353 3831 3366 3854 ,
3401 3790 3705 3860 διεστηκὼς
3737 3793 3838 3863 ἔσῃ

2244 3882 2346 3950 τῆς
2387 3882 2811 3952 πανδεινοτάτης
2855 3899 2948 3934 σου
2977 3884 3368 3950 καινοτομίας’
3404 3883 3559 3947 είδὼῖ
3599 3884 3683 3937 δτι
3725 3887 3840 3956 χρὴ

2245 3973 2620 4038 ἑξακολουθεῖν
2679 3977 2747 4044 τῇ
2809 3975 3152 4044 ἀποκαλύψει
3216 3975 3315 4027 τοῦ
3373 3975 3678 4030 όσιωτάτου
3737 3977 3839 4046 τῆς

2246 4066 2873 4129 Κωνσταντινουπόλεως
2934 4067 3265 4137 Ἐκκλησίας
3329 4068 3635 4121 ἐπισκόπου
3694 4069 3843 4138 Πρό⁴

2243 4158 2373 4211 κλου
2394 4177 2408 4191 ·
2439 4159 2557 4221 πῶς
2585 4160 2643 4212 ἐν
2674 4159 2752 4229 τῷ
2778 4159 2987 4229 κάμπῳ
3019 4159 3392 4231 καταδραμὼν
3428 4161 3526 4213 σὺν
3559 4160 3729 4213 παντὶ
3758 4160 3844 4231 τῷ

2243 4250 2378 4320 λαῷ,
2400 4248 2842 4319 κυματιζομένης
2875 4248 2983 4301 ὑπὸ
3013 4249 3257 4319 σεισμῶν
3278 4249 3379 4318 τῆς
3402 4249 3576 4319 αὐτῆς
3597 4249 3844 4315 πόλεως,

2245 4341 2339 4393 καὶ
2361 4340 2561 4411 θρήνου
2585 4339 2691 4391 ὑπὸ
2721 4339 2940 4391 πάντων
2962 4338 3453 4408 άναπεμπομένου,
3483 4338 3637 4407 ἄφνω
3667 4339 3845 4391 παῖδα

2242 4435 2323 4494 εἰς
2371 4432 2464 4485 τὸν
2514 4432 2743 4499 οὐρανὸν
2789 4431 3022 4501 ἀρθῆναι
3059 4431 3167 4484 ὑπό
3216 4448 3362 4494 τινος
3399 4432 3706 4500 δυνάμεως,
3743 4434 3846 4485 καὶ

551 4537 765 4583 sanctus
794 4524 971 4593 fortis,
1015 4531 1234 4576 sanctus
1266 4519 1617 4583 immortalis,
1659 4520 1906 4571 miserere
1948 4519 2093 4572 nobis
2120 4536 2138 4584 ;

2245 4525 2421 4594 τούτῳ
2456 4524 2706 4576 ἐνθέσθαι
2738 4523 2831 4576 τοῦ
2856 4522 3158 4576 λιτανεύειν
3179 4522 3241 4576 τὸ
3266 4523 3584 4594 τρισάγιον,
3621 4525 3719 4575 καὶ
3751 4524 3846 4575 λέ-

552 4631 605 4675 et
638 4622 750 4673 haec
775 4616 1104 4670 annuutiarc
1138 4614 1400 4681 episcopo
1438 4610 1625 4679 jussus
1654 4619 1738 4665 est
1775 4629 1790 4664 :
1824 4610 2010 4679 sicque
2041 4627 2134 4679 per

554 4722 664 4766 tres
707 4713 873 4763 horas
922 4708 977 4760 in
1017 4706 1281 4759 tribunali
1336 4711 1495 4758 stans
1546 4718 1706 4758 secus
1749 4706 1914 4773 pedes
1967 4704 2134 4774 ipsius

550 4800 813 4873 episcopi,
843 4799 958 4852 hate
986 4796 1251 4851 narravit.
1283 4795 1353 4849 Et
1380 4795 1458 4849 sic
1494 4804 1779 4865 postquam
1813 4795 2030 4850 litanias
2062 4796 2134 4849 [οι

551 4900 767 4958 cerunt,
820 4888 969 4944 stetit
1010 4896 1372 4942 terraimotus.
1417 4885 1507 4941 Sic
1553 4902 1683 4957 ergo
1726 4897 1782 4941 ct
1833 4898 1886 4941 tu
1920 4888 2135 4942 litanias

558 4986 663 5047 Iac,
699 4993 754 5036 et
813 4980 1061 5050 pausabit
1090 4977 1165 5029 ira
1215 4990 1336 5047 quin
1369 4985 1558 5030 contra
1586 4985 1638 5029 te
1672 4974 1990 5045 proferenda
2029 4987 2129 5030 est.

554 5078 614 5139 Si
637 5085 819 5131 autem
848 5087 975 5137 non,
1011 5071 1192 5124 veniet
1224 5084 1391 5137 super
1434 5077 1486 5123 te
1516 5068 1786 5138 depositio
1814 5083 1842 5122 a
1868 5079 2020 5136 patre
2038 5085 2133 5123 no-

552 5180 666 5224 stro
700 5164 897 5221 Felice.
920 5160 1208 5216 Custodiet
1239 5171 1417 5216 autem
1449 5159 1591 5215 Deus
1610 5160 1869 5214 mundum
1903 5175 1931 5212 a
1971 5173 2130 5213 scan-

554 5262 710 5317 dalis.
736 5259 836 5314 Cui
864 5257 1032 5327 gloria
1068 5269 1209 5308 uuuc
1232 5262 1284 5307 et
1305 5268 1520 5324 semper
1553 5264 1605 5308 et
1633 5253 1686 5306 in
1743 5250 1940 5307 sarcula
1966 5266 2134 5307 saccu-

554 5353 748 5405 lorum.
784 5351 979 5402 Anicii.

2243 4633 2304 4685 γε
2314 4633 2362 4670 ιν
2381 4632 2394 4646 ·
2416 4617 2619 4685 Ἄγιος
2633 4618 2665 4669 ό
2677 4615 2841 4680 Θεὸς,
2857 4616 3022 4683 ἅγιος
3043 4616 3315 4683 ἰσχυρὸς,
3330 4614 3494 4683 ἅγιος
3514 4614 3842 4682 ἀθάνατος,

2241 4708 2506 4772 ἐλέησον
2546 4702 2722 4772 ἡμᾶς·
2759 4705 2854 4759 καὶ
2884 4707 3060 4758 ταῦτα
3099 4706 3192 4758 τοῦ
3222 4707 3477 4772 ἀγγεῖλαι
3510 4705 3588 4773 τῷ
3613 4707 3847 4757 ἐπισκό-

2242 4815 2330 4867 πει)
2366 4797 2735 4869 προσετάχθη.
2779 4800 2875 4860 ’ος
2906 4798 3001 4851 καὶ
3042 4799 3179 4866 μετὰ
3214 4798 3449 4867 τρίωρον
3490 4797 3620 4867 ἔστη
3665 4801 3724 4849 ἐν
3760 4797 3845 4867 τῷ

2240 4890 2603 4963 τριῦουναλίῳ
2627 4892 2780 4963 παρὰ
2813 4894 2938 4955 τοὺς
2969 4892 3136 4954 πόδας
3165 4891 3257 4943 τοῦ
3300 4891 3467 4945 αὑτοῦ
3507 4894 3840 4956 ἐπισκόπου,

2241 4981 2336 5033 καὶ
2386 4979 2559 5033 ταῦτα
2599 4981 2918 5051 διηγήσατο.
2975 4981 3083 5033 Kal.
3130 4979 3303 5045 οὕτως
3357 4981 3794 5035 λιτανευσάντων
3822 5024 3838 5046 ,

2241 5073 2479 5146 ἔστησαν
2518 5074 2566 5127 οἱ
2601 5073 2837 5144 σεισμοί.
2869 5072 3057 5137 υῦτως
3085 5069 3181 5127 οὖν
3218 5075 3312 5126 καὶ
3338 5073 3403 5125 σὺ
3435 5073 3712 5137 λιτάνευε,
3740 5079 3842 5129 καὶ

2245 5162 2569 5232 παύσεταιή
2598 5164 2737 5215 κατὰ
2766 5161 2861 5215 σοῦ
2895 5164 3248 5233 μελετωμὲνη
3282 5162 3637 5233 ἐξενεχθῆναι
3667 5166 3835 5235 ὀργή.

2242 5251 2309 5309 El
2334 5254 2391 5307 δὲ
2415 5255 2514 5325 μὴ,
2539 5255 2661 5325 ἣξει
2689 5255 2784 5307 ἐπὶ
2812 5253 2871 5306 σὲ
2893 5254 3217 5325 καθαίρεσις
3243 5254 3349 5307 ὑπὸ
3369 5254 3465 5307 τοῦ
3498 5255 3655 5309 πάπα
3673 5258 3843 5327 ἡμῶν

2241 5346 2494 5417 Φήλικος.
2520 5347 2753 5412 comest
2772 5347 2831 5400 δὲ
2854 5350 2881 5402 ὀ
2903 5347 3036 5412 Θεὸς
3058 5347 3150 5399 τὸν
3176 5347 3382 5419 κόσμον
3409 5347 3522 5404 άπὸ
3539 5348 3650 5403 τῶν
3672 5366 3843 5405 σκαν·

551 5448 745 5503 ὃιὶλων.
778 5441 909 5515 ᾯὴ
949 5441 1077 5505 δόξα
1104 5438 1231 5504 νῦν,
1271 5442 1364 5493 καὶ
1391 5441 1499 5505 ἀεὶ,
1537 5439 1632 5493 καὶ
1665 5439 1746 5501 είς
1774 5439 1902 5500 τοὺς
1933 5437 2137 5503 αἰῶνας
2174 5441 2282 5497 τῶν
2305 5443 2538 5497 αἰώνων.
2577 5445 2772 5515 Ἀμήν.

625 5581 702 5652 (i)
764 5575 875 5630 Has
912 5576 1215 5652 _duodect'm
1252 5578 1766 5652 depositiottcste'tc.
1823 5570 1989 5652 Vides
2022 5574 2129 5652 hoc

553 5642 821 5705 luc‘oitton
872 5647 1055 5714 plures
1100 5662 1261 5714 quam
1302 5642 1586 5700 duodecim
1626 5642 1795 5714 fuisse
1850 5646 2129 5709 Quintiani

554 5712 1060 5782 anatheinatismos.
1083 5712 1293 5785 Reliqui
1318 5718 1485 5785 igitur
1519 5712 1752 5785 octoalii
1774 5751 1791 5776 ,
1814 5714 1903 5783 qui
1929 5724 2060 5767 tom.
2091 5716 2133 5770 II

552 5789 761 5852 Concil.
789 5788 1181 5847 ineditionibus
1206 5784 1575 5839 interioribus
1589 5791 1708 5853 post
1734 5784 2130 5840 hosduodeciui

2237 5589 2563 5647 sequuntur,
2588 5594 2693 5635 non
2711 5579 3130 5647 suntQuintiani
3154 5579 3395 5649 episcopi
3418 5581 3707 5647 Asculani,
3735 5587 3838 5641 sed

2243 5650 2583 5718 Asclepiadis
2623 5651 2922 5705 Trallensis
2953 5651 3245 5715 antistitis,
3281 5662 3337 5706 ut
3359 5666 3427 5706 ea
3459 5655 3649 5709 codice
3682 5651 3837 5709 Vati-

2244 5735 2381 5775 t'ano
2411 5732 2654 5790 apparet.
2690 5720 2900 5777 Bittius.
