4086 6470
338 370 476 436 1759
1293 376 1450 436 ΜοΝ
1463 376 1536 435 1T
1545 375 1590 434 U
1603 375 1658 433 Μ·
1698 374 1778 432 ΙΝ
1823 373 1951 443 5Εο

2012 371 2271 430 ΤΕΝΤΕΒ
2310 372 2709 433 HUMILIAS.
3493 364 3625 426 1760

337 484 485 556 quod
536 485 682 541 docti
716 487 816 543 viri
845 490 923 559 (ὅ)
954 491 1320 545 communiter
1349 498 1471 561 post
1498 487 1735 544 Leonem
1765 487 2025 541 Allatium
2047 485 2125 556 (4)
2155 485 2480 580 existimant
2512 484 2655 538 hanc
2686 482 2965 580 botniliam
2990 483 3128 580 jure‘
3161 482 3362 537 merito
3394 479 3632 580 AntipaI-i

339 582 426 627 tro
463 587 589 631 esse
622 574 1006 646 tribuendam;
1046 587 1102 634 et
1133 577 1293 648 longe
1340 577 1620 646 antiquior
1654 577 1812 630 testis
1845 572 2064 630 Nicetes
2091 573 2178 629 his
2209 573 2445 640 accedit,
2483 587 2705 628 sensum
2743 573 2959 628 illorum
2991 573 3350 634 conﬁrmans,
3385 567 3480 638 qui
3525 565 3628 619 sub

343 663 568 718 nomine
599 662 873 734 Antipatri
903 663 1268 736 fragmentum
1311 666 1582 736 quoddam
1613 663 1773 733 hujus
1807 662 2047 718 homilia:
2074 661 2234 754 affert
2264 663 2316 754 in
2355 677 2455 754 sua
2496 659 2862 754 SS:_lfatrum
2895 675 3059 730 super
3090 654 3627 754 EvangeliumLuea'.

344 758 578 814 catena,
643 767 805 820 quam
855 753 1046 808 Grece
1090 754 1369 824 evulgavit
1421 751 1892 808 eminentissimus
1932 751 2229 805 cardinalis
2279 749 2524 821 Angelus
2575 749 2676 803 Mai
2745 748 2797 802 in
2859 762 2976 842 sua“
3018 756 3256 842 veterum
3296 748 3624 842 scriptorum

349 833 501 891 Nova
529 837 868 894 Collectione
890 841 992 910 (5).
1025 840 1188 912 Spem
1226 851 1472 896 nostram
1498 856 1603 894 non
1640 838 1830 894 fefellit
1865 847 2124 904 eventus;
2157 853 2304 902 nam,
2331 837 2516 892 divino
2561 836 2781 891 favente
2812 833 3038 900 auxilio,
3079 835 3189 888 cito
3222 831 3379 888 nobis
3411 830 3626 884 obviam

345 923 448 979 fuit
473 926 668 996 duplex
701 927 877 982 Graeci
910 938 1090 983 textus
1115 929 1310 996 codex,
1345 938 1400 983 et
1428 939 1658 998 uterque
1687 927 1909 981 maximi
1939 927 2097 997 pretii
2126 945 2139 981 :
2169 927 2308 980 alter
2331 940 2525 994 nempe
2551 925 2872 989 Vaticanus,
2906 924 3009 978 sub
3033 932 3089 977 u°
3112 920 3218 977 820
3242 921 3416 976 codie.
3446 917 3622 973 Graec.

347 1011 681 1082 inscriptus;
712 1015 852 1070 alter
881 1015 1238 1082 Barberinus,
1278 1017 1379 1071 sub
1412 1007 1475 1069 no
1504 1015 1610 1071 488
1637 1015 1758 1069 cod.
1803 1014 1981 1070 Graec.
2019 1014 2109 1084 qui
2141 1014 2268 1068 olim
2302 1013 2368 1068 ad
2395 1013 2824 1068 illustrissimum
2879 1010 3079 1067 Lucam
3113 1008 3455 1065 llolstenium
3489 1019 3613 1074 per-

350 1100 614 1166 tinuerat,
645 1103 725 1157 sin
749 1118 910 1157 manu
941 1105 1058 1174 ejus
1091 1115 1376 1168 exaratus,
1408 1105 1600 1159 saltem
1630 1118 1695 1159 eo
1733 1103 1954 1171 iubente
1979 1112 2033 1158 et
2061 1101 2334 1172 dirigente
2365 1101 2642 1156 redactus.

157 581 188 598 ει,

426 1188 682 1244 Attamen
715 1199 895 1244 utrum
928 1191 1138 1262 integer
1171 1202 1353 1247 textus
1383 1191 1570 1248 Graece
1611 1200 1759 1246 esset
1795 1192 2063 1256 edendos,
2103 1190 2295 1245 incerti
2338 1190 2690 1262 ambigulque
2720 1191 3084 1255 haerebamus,
3126 1196 3182 1244 et
3220 1185 3382 1257 huius
3415 1182 3632 1239 hzrsita-

357 1275 524 1330 tionis
555 1276 754 1345 duplex
781 1278 973 1338 aderat
997 1294 1184 1334 causa.
1214 1277 1289 1332 Ex
1323 1295 1430 1333 una
1456 1287 1628 1348 parte,
1663 1279 1717 1333 in
1751 1278 1854 1333 hac
1885 1277 2109 1334 homilia
2139 1277 2326 1332 multae
2351 1287 2510 1333 erant
2541 1279 2827 1333 sententia-
2850 1278 2917 1333 ad
2945 1288 3193 1332 nostrum
3225 1287 3446 1342 scopum
3472 1284 3634 1340 peru-

361 1361 658 1428 tilissimte;
691 1371 746 1418 et
780 1365 976 1420 exinde
1023 1365 1199 1420 nostri
1233 1375 1355 1420 erat
1377 1365 1665 1422 Leetorum
1712 1366 1886 1421 oculis
1917 1381 2022 1420 non
2069 1366 2244 1421 solum
2286 1367 2595 1420 sententias
2629 1365 2892 1429 auctoris,
2927 1364 3023 1420 sed
3071 1363 3236 1418 etiam
3278 1373 3466 1414 earum
3496 1371 3634 1413 con-

353 1460 588 1518 textum,
627 1467 793 1522 quem
831 1455 994 1509 aliter
1028 1457 1314 1512 consulere
1357 1470 1464 1511 non
1505 1457 1836 1526 potuissent,
1865 1464 1921 1510 el
1960 1455 2160 1511 exinde
2191 1453 2472 1510 homiliam
2507 1455 2774 1525 integrant
2819 1453 3112 1525 subjicere.
3157 1451 3234 1508 Ex
3275 1450 3445 1504 altera
3477 1461 3629 1511 vero,

355 1552 486 1603 pars
521 1539 758 1597 homilite
793 1540 909 1598 fere
939 1543 1161 1598 dimidia
1193 1531 1341 1598 aliud
1372 1545 1539 1600 habet
1567 1551 1969 1616 argumentum,
1999 1551 2157 1614 prout
2197 1557 2264 1598 ex
2294 1542 2450 1598 titulo
2480 1543 2666 1597 videre
2689 1551 2794 1607 est,
2823 1542 2914 1612 qui
2953 1541 3033 1596 sic
3060 1555 3120 1595 se
3152 1537 3318 1595 habet
3346 1554 3359 1591 :
3385 1538 3491 1601 Εἰς
3525 1533 3636 1588 τὸν

350 1623 523 1695 ἅγιον
570 1627 864 1697 Ἰωάννην
893 1631 1002 1686 τὸν
1032 1633 1388 1700 Βαπτιστὴν
1440 1632 1539 1688 καὶ
1574 1634 1662 1698 εις
1691 1633 1806 1701 τὴν
1839 1630 2027 1702 σιγὴν
2055 1629 2378 1720 Ζᾳχαρίου,
2416 1630 2528 1720 Ϋκαι
2559 1632 2646 1720 etc
2686 1631 2794 1720 eor
2822 1628 3156 1720 ἁσπασμὼς
3182 1625 3320 1720 τῆς⁸
3335 1622 3637 1720 arar-artas

353 1716 670 1772 Θεοτόκου.
705 1716 774 1773 In
805 1717 863 1775 S.
893 1717 1159 1776 Joannem
1200 1720 1500 1790 Baptistam
1533 1731 1581 1776 et
1615 1721 1670 1774 in
1693 1721 1963 1775 silentium
1987 1717 2290 1784 Zachariaz,
2329 1729 2378 1774 et
2405 1719 2462 1773 in
2488 1718 2870 1772 salutationem
2896 1715 3251 1772 sanctissima:
3279 1713 3544 1782 Deiparte.
3575 1707 3634 1763 Si

357 1804 527 1874 igitur
569 1807 841 1878 integram
893 1808 1182 1862 ederemus
1223 1808 1529 1873 homiliam,
1565 1809 1736 1863 lector
1767 1809 1858 1877 qui
1894 1807 2071 1878 primo
2106 1807 2302 1861 intuitu
2337 1822 2452 1862 rem
2492 1807 2976 1898 animadverteret,
3011 1818 3109 1860 nos
3149 1817 3214 1858 ea
3244 1815 3365 1870 qua:
3405 1799 3473 1898 ad
3516 1811 3634 1852 rem

356 1907 465 1947 non
498 1894 850 1962 pertinebant
885 1897 1181 1952 miscuisse
1211 1898 1596 1966 exprobraret.
1626 1897 1892 1962 Tandem,
1920 1894 2176 1952 omnibus
2204 1894 2309 1949 rite
2337 1894 2643 1963 perpensis,
2675 1908 2743 1948 ne
2777 1891 3000 1988 homil'i-a
3037 1899 3286 1988 truncata
3331 1898 3388 1988 et
3425 1891 3635 1988 incom-

351 1976 494 2047 pleta
523 1980 804 2045 evaderet,
837 1986 982 2053 quod
1012 1992 1162 2039 certe
1198 1985 1361 2055 plane
1395 1985 1734 2052 displiceret,
1779 1985 1822 2038 si
1861 1993 2070 2038 tantum
2101 1993 2311 2052 partem
2337 1996 2459 2051 quas
2483 1981 2552 2035 ad
2591 1981 2879 2052 Deiparam
2913 1979 3190 2050 Virginem
3228 1976 3463 2048 pertinet
3502 1973 3638 2028 ede-

352 2079 558 2130 remus,
597 2075 808 2124 textum
845 2071 1118 2141 integrum
1147 2070 1510 2138 exhibemus;
1563 2085 1740 2140 eoque
1785 2070 1959 2141 magis
1990 2083 2097 2140 quo
2143 2069 2303 2124 aliter
2342 2068 2422 2124 sic
2451 2075 2704 2124 truncata
2733 2068 2916 2125 brevis
2953 2065 3121 2122 nimis
3149 2064 3416 2119 evasisset
3445 2070 3636 2116 nostra

350 2155 618 2225 Antipatri
652 2156 896 2217 homilia.

421 2259 652 2333 Insuper
693 2264 836 2319 haud
882 2264 1074 2321 inutile
1116 2274 1240 2321 erat
1279 2265 1333 2320 in
1370 2265 1550 2321 lucem
1581 2265 1826 2336 proferre
1864 2277 1986 2335 quae
2019 2261 2084 2318 ad
2134 2268 2381 2317 sanctum
2409 2259 2674 2316 Joannem
2705 2268 2760 2316 et
2811 2258 2880 2315 ad
2919 2257 3241 2314 Zachariam
3269 2255 3636 2328 pertinebant.

348 2347 481 2404 Nam
513 2349 843 2408 Laurentius
875 2351 1094 2420 Surius,
1130 2354 1386 2424 quamvis
1438 2353 1598 2408 laude
1630 2353 1830 2424 dignus
1872 2363 1928 2408 et
1955 2368 1983 2406 a
2011 2351 2168 2406 nobis
2199 2351 2336 2405 bene
2370 2353 2598 2405 meritus
2637 2349 2736 2415 sit,
2786 2348 2955 2404 multa
3006 2348 3062 2404 in
3090 2361 3188 2402 sua
3235 2347 3491 2400 versione
3527 2359 3632 2397 non

345 2435 721 2492 hencexarata
746 2448 944 2510 etquae
968 2455 1074 2495 non
1105 2439 1241 2495 satis
1268 2440 1515 2495 humana
1541 2451 1764 2495 caverat
1796 2448 1988 2495 natura
2014 2440 2275 2510 reliquit;
2309 2438 2386 2494 ita
2410 2437 2540 2492 utin
2574 2437 2708 2493 locis
2739 2451 2847 2491 non
2879 2434 3148 2506 paucis,si
3169 2434 3294 2505 quis
3330 2448 3453 2488 cum
3480 2442 3634 2487 textu

342 2523 538 2581 Greco
591 2524 843 2581 Latinam
901 2527 1192 2583 lectionem
1263 2528 1601 2594 contulerit,
1654 2543 1760 2584 non
1819 2528 1995 2585 solum
2062 2526 2308 2582 auctoris
2357 2540 2630 2589 acumen,
2688 2523 2787 2580 sed
2831 2525 2997 2578 etiam
3049 2521 3346 2592 aliquando
3412 2535 3634 2576 sensum

347 2607 527 2680 ipsum
557 2612 698 2668 male
725 2613 958 2684 exprimi
985 2613 1386 2684 deprehendet.
1417 2615 1776 2685 Quapropter
1800 2628 1920 2669 eam
1944 2615 2252 2670 versionem
2274 2612 2447 2684 polire
2481 2622 2578 2667 aut
2597 2612 2779 2683 potius
2809 2610 3079 2679 reﬁngere
3108 2623 3215 2664 non
3243 2608 3634 2664 dubitavimus.

411 2696 473 2754 In
510 2698 614 2756 bac
657 2710 849 2756 nostra
896 2702 1124 2758 homilia
1183 2718 1362 2774 neque
1394 2703 1486 2758 uni
1539 2701 1806 2759 Vaticano
1851 2718 2030 2772 neque
2088 2701 2182 2758 uni
2237 2700 2542 2757 Barberino
2583 2701 2806 2756 omnino
2852 2699 3222 2765 adhaesimus;
3277 2697 3374 2753 sed
3410 2698 3635 2766 quando

345 2784 499 2842 inter
521 2801 582 2843 se
611 2787 953 2846 dissidebant
988 2791 1230 2856 codices,
1275 2791 1428 2845 illum
1459 2791 1801 2862 pratulimus
1827 2805 2073 2855 sensum,
2105 2790 2196 2859 qui
2241 2788 2414 2859 magis
2459 2797 2865 2843 consentaneus
2893 2786 3050 2842 nobis
3073 2786 3387 2850 videbatur,
3425 2785 3494 2838 ad
3524 2783 3640 2839 cal-

347 2887 468 2930 cem
498 2884 678 2931 tamen
735 2879 1078 2934 remittentes
1111 2879 1294 2934 varias
1325 2877 1589 2934 lectiones
1605 2893 1672 2933 ex
1701 2878 1901 2949 quibus
1929 2893 2038 2932 uno
2063 2877 2263 2932 intuitu
2299 2875 2572 2930 videbitur
2603 2874 2657 2929 in
2687 2889 2795 2944 quo
2822 2873 3170 2929 consentiant
3200 2872 3289 2929 vel
3318 2873 3636 2941 discrepent

348 2964 734 3037 manuscripti.
766 2964 995 3038 Insuper
1024 2967 1311 3023 versiones
1354 2967 1620 3038 quasdam
1653 2965 1962 3022 addidimus
1987 2981 2062 3021 ex.
2100 2963 2381 3033 Antipatri
2423 2960 2771 3034 Fragmentls
2807 2975 2838 3016 a
2868 2957 3060 3017 Niceta
3091 2960 3145 3016 in
3181 2974 3337 3017 suam
3369 2961 3633 3016 Catenam

347 3064 558 3123 relatis.

417 3149 575 3209 Nunc
624 3155 804 3212 dicere
841 3165 1091 3227 superest
1125 3159 1194 3214 de
1245 3159 1618 3215 controversia
1647 3157 1717 3214 ab
1751 3157 1966 3215 Oudino
2009 3161 2274 3225 excitata,
2319 3159 2410 3232 qui
2453 3157 2816 3229 posteriorem
2857 3155 3189 3229 excogitavit
3218 3155 3570 3227 Antipatrum
3599 3169 3634 3211 a

346 3241 628 3300 Bostrensi
658 3247 958 3312 diversum,
985 3250 1075 3304 cui
1109 3251 1365 3306 homilias
1394 3252 1460 3306 de
1476 3253 1677 3320 quibus
1731 3250 1819 3304 hic
1853 3253 2034 3319 agitur
2085 3248 2330 3302 ascribit.
2371 3247 2602 3302 Ubinam
2625 3259 2757 3314 ergo
2791 3243 3003 3298 invenit
3025 3241 3270 3298 ()udinus
3297 3243 3427 3313 quid
3460 3243 3636 3312 impe-

349 3330 463 3385 diat
488 3332 621 3400 quin
652 3337 823 3388 veteri
852 3337 1146 3412 Antipatro
1177 3337 1488 3390 tribuantur
1535 3337 1618 3390 ha:
1663 3337 1934 3392 homiliae?
1965 3334 2119 3390 lllum
2146 3335 2457 3404 loquentem
2490 3332 2777 3388 audiamus
2808 3349 2820 3385 :
2850 3329 3213 3397 Festivitates,
3245 3331 3439 3401 inquit,
3469 3330 3639 3386 beatas

359 3415 598 3490 Virginis
630 3429 697 3474 et-
729 3433 1038 3476 sanctorum
1070 3425 1273 3494 synodo
1316 3425 1549 3478 secunda
1581 3425 1844 3489 Nica'na,
1876 3439 1994 3495 qua:
2031 3439 2172 3477 anno
2207 3423 2312 3476 787
2348 3421 2609 3476 celebrata
2645 3430 2756 3486 est,
2795 3420 3112 3490 posteriores
3143 3429 3334 3475 sunt...
3367 3418 3500 3475 ch
3531 3420 3638 3491 igi-

349 3515 440 3561 tur
476 3508 824 3563 hontiliarum
861 3510 1100 3566 collectio
1134 3513 1393 3580 posterior
1435 3523 1511 3568 est
1548 3516 1905 3568 controversia
1951 3514 2016 3565 de
2055 3511 2206 3566 cultu
2246 3513 2544 3582 imaginum
2593 3527 2654 3564 ac
2698 3519 3029 3578 sanctorum,
3064 3525 3252 3580 qute...
3303 3508 3370 3563 ab
3410 3509 3634 3578 imperio

347 3591 542 3648 Leonis
582 3595 764 3650 Isauri
794 3613 935 3651 anno
967 3597 1070 3654 7l6
1105 3601 1318 3668 incepit,
1353 3610 1511 3670 atque
1541 3602 1609 3654 ad
1645 3603 1924 3665 iMperium
1956 3600 2234 3671 Theophili
2264 3611 2312 3655 et
2345 3615 2544 3654 annum
2584 3598 2690 3654 842
2719 3601 3049 3667 perduravit.
3086 3597 3268 3670 Hujus
3307 3599 3482 3653 (etatis
3509 3607 3635 3652 sunt

349 3690 428 3735 tot
460 3681 697 3738 homiliar
724 3685 780 3738 in
813 3683 1288 3741 Prwsentationem
1315 3690 1480 3743 beata:
1525 3687 1755 3759 Virginis
1790 3691 1846 3743 in
1883 3690 2078 3758 templo
2107 3701 2157 3744 et
2195 3690 2417 3743 homilia
2450 3691 2502 3742 in
2557 3689 2979 3756 Assnmptionem
3017 3691 3182 3743 beatae
3219 3687 3471 3759 Virginis.
3501 3687 3639 3743 Cut-

351 3777 436 3824 tus
465 3771 608 3826 enim
635 3781 942 3827 sanctorum
970 3791 1033 3829 ac
1059 3775 1227 3831 beata:
1276 3774 1534 3846 Virginis,
1570 3778 1838 3832 invocatio
1867 3778 2103 3845 illorum,
2136 3779 2402 3834 institutio
2435 3779 2688 3845 festorum
2721 3782 2773 3832 in
2801 3795 2984 3832 eorum
3014 3780 3319 3832 memoriam
3349 3787 3400 3832 et
3429 3780 3635 3832 cultum

355 3857 584 3912 Nictena
636 3863 870 3915 secunda
918 3863 1124 3933 synodo
1163 3864 1322 3932 plane
1368 3867 1688 3920 recentiores
1743 3875 1886 3920 sunt.
1949 3867 2042 3921 Sic
2091 3868 2254 3920 habet
2291 3866 2559 3920 Oudiuus.
2621 3865 2921 3920 Fatendum
2966 3866 3182 3935 quidem
3225 3877 3312 3921 est
3344 3867 3636 3936 opiniones

355 3957 462 4002 tam
494 3949 735 4004 nefarias
764 3951 980 4006 nonnisi
1006 3968 1034 4006 a
1069 3968 1215 4007 careo
1251 3953 1437 4008 lurore
1464 3965 1656 4009 contra
1680 3955 2010 4010 catholicam
2034 3954 2333 4010 Ecclesiam
2355 3955 2519 4023 impie
2546 3955 2863 4009 lascivientc
2894 3956 3197 4023 excogitari
3232 3956 3509 4025 potuisse;
3537 3957 3634 4009 sed

353 4032 636 4092 immensa
664 4041 929 4094 carcitatis
956 4050 1104 4095 esset
1130 4042 1221 4110 qui
1255 4057 1359 4096 non
1397 4045 1626 4098 sentiret
1651 4044 2084 4098 controversiam
2113 4043 2178 4096 de
2211 4041 2357 4095 culttt
2393 4053 2708 4096 sanctorum
2742 4051 2796 4096 et
2827 4043 3125 4112 imaginum
3166 4059 3269 4097 non
3301 4044 3436 4097 oriri
3469 4058 3530 4098 ex
3570 4056 3638 4096 eo

352 4125 519 4194 quod,
555 4139 817 4196 regnante
864 4127 1048 4184 Leone
1095 4127 1306 4194 Isauro,
1357 4145 1530 4185 novus
1587 4130 1767 4185 cultus
1814 4132 2156 4186 introductus
2215 4129 2416 4196 fuerit,
2465 4131 2560 4185 sed
2603 4146 2634 4184 e
2685 4141 2872 4184 contra
2927 4132 3074 4186 venit
3118 4147 3182 4185 ex
3234 4147 3299 4186 eo
3333 4132 3476 4202 quod
3524 4129 3637 4184 Leo

359 4211 581 4270 lsaurus
627 4215 827 4270 bellum
877 4217 1122 4272 intulerit
1164 4217 1336 4271 cultui
1371 4216 1486 4286 jam
1522 4227 1742 4287 recepto
1789 4227 1846 4272 et
1894 4217 2146 4286 pluribus
2189 4227 2338 4272 retro
2379 4217 2596 4272 saeculis
2631 4219 2948 4288 antiquiori.
2985 4219 3051 4274 Et
3080 4230 3251 4284 certe,
3282 4222 3364 4275 sui
3411 4234 3637 4286 compos

353 4315 462 4355 non
495 4311 639 4357 esset
667 4304 759 4372 qui
793 4305 862 4359 ob
895 4305 1035 4359 hanc
1069 4305 1340 4360 rationem
1367 4314 1588 4371 negaret
1623 4303 1707 4360 vel
1738 4305 2036 4368 dubitaret,
2069 4314 2195 4359 ante
2223 4305 2513 4374 septimam
2542 4307 2806 4376 synodum
2842 4307 3058 4364 habitas
3089 4308 3260 4364 fuisse
3288 4309 3540 4364 bomilias
3567 4309 3636 4363 de

350 4389 501 4443 cultu
533 4400 847 4446 sanctorum
888 4393 971 4447 vel
1011 4393 1182 4449 beatae
1212 4393 1468 4464 Virginis.
1506 4393 1676 4462 Igitur
1709 4391 1909 4446 Oudini
1946 4391 2112 4448 verba
2151 4406 2260 4447 non
2298 4393 2602 4462 impediunt
2642 4393 2772 4462 quin
2804 4393 3085 4451 Bostrensi
3125 4405 3312 4452 nostro
3345 4396 3637 4466 Antipatro

353 4476 664 4534 tribuantur
697 4481 937 4536 IlOlIlllliB
970 4483 1034 4536 de
1072 4483 1273 4551 quibus
1307 4496 1489 4536 sermo
1518 4480 1676 4533 nobis
1705 4487 1809 4534 est.

422 4570 529 4625 Sed
562 4571 689 4627 licet
721 4577 964 4629 rationes
989 4591 1018 4628 a
1055 4575 1330 4630 Casimiro
1361 4572 1575 4628 Oudino
1603 4573 1803 4639 allatae,
1839 4575 1986 4630 omni
2021 4575 2379 4633 fundamento
2408 4579 2710 4646 destitutae,
2746 4580 3116 4650 perabsurdae,
3149 4589 3202 4635 et
3236 4597 3460 4650 prorsus
3488 4584 3639 4639 inau-

351 4655 478 4711 ditas
506 4659 576 4711 ab
605 4661 860 4715 omnibus
889 4660 1122 4715 eruditis
1163 4661 1492 4723 habeantur,
1524 4659 1803 4715 fatendum
1839 4671 2019 4719 tamen
2061 4678 2167 4736 est,
2199 4685 2263 4725 ex
2295 4671 2399 4726 hac
2428 4673 2751 4741 quaestione,
2802 4677 2846 4727 si
2879 4675 2978 4726 sub
3023 4673 3128 4727 alio
3173 4683 3420 4743 respectu
3448 4675 3638 4731 consi-

353 4746 595 4811 deretur,
625 4748 1004 4831 gravissimam
1049 4749 1180 4802 oriri
1213 4747 1608 4802 difficultatem.
1640 4748 1902 4816 Quamvis
1947 4757 2092 4811 enim
2133 4761 2494 4828 proliteamur
2533 4776 2724 4815 omnes
2760 4762 2813 4814 in
2859 4761 3006 4816 omni
3048 4771 3292 4831 tempore
3327 4764 3633 4819 Eeclesiam

351 4833 555 4888 cultum
589 4823 904 4891 sanctorum
933 4839 1222 4892 admisisse
1263 4847 1318 4891 et
1353 4837 1743 4904 celebravisse,
1771 4852 2014 4898 attamen
2056 4823 2220 4900 simul
2254 4847 2578 4915 profitemur
2621 4848 2780 4916 hujus
2809 4849 2988 4904 cultus
3021 4850 3242 4903 modum
3277 4866 3422 4920 sazpe
3451 4865 3634 4907 muta-

354 4929 466 4975 tum
503 4920 696 4980 fuisse.
729 4923 822 4979 Sic
856 4926 923 4979 ab
950 4925 1282 4980 incunabilis
1314 4924 1572 4980 Eeclesiaa
1617 4931 2005 4998 augustissimo
2039 4931 2403 4989 Eucharistizn
2430 4950 2781 4992 sacramento
2827 4939 3006 4993 cultus
3045 4939 3218 4994 latria:
3266 4939 3369 4995 fuit
3418 4941 3637 4995 exhibi-

354 5018 476 5072 tns;
513 5019 756 5065 attamen
789 5013 1108 5068 solemnitas
1134 5014 1391 5080 Corporis
1416 5013 1629 5070 Domini
1670 5021 1961 5074 recentiori
1998 5029 2241 5088 tempore
2264 5021 2370 5076 fuit
2399 5025 2670 5080 instituta.
2697 5027 2868 5080 Porro
2900 5029 2951 5080 in
2981 5027 3081 5082 hoc
3109 5031 3459 5084 consentiunt
3483 5031 3635 5085 docti

354 5098 483 5161 viri,
506 5096 836 5155 festivitates
856 5098 1299 5155 Prwsentationis
1325 5102 1492 5158 beata:
1517 5103 1710 5160 Maria:
1729 5107 1781 5160 in
1799 5107 2012 5176 templo,
2030 5110 2113 5162 vel
2130 5109 2522 5180 Assumptionis
2543 5113 2594 5166 in
2609 5112 2819 5174 caelum,
2841 5123 2961 5184 post
2979 5131 3153 5169 aevum
3171 5116 3448 5184 Antipatri
3473 5116 3641 5173 fuisse

354 5183 656 5239 institutas.
688 5185 841 5242 Unde
876 5190 1058 5258 gravis
1087 5191 1260 5244 oritur
1290 5192 1431 5247 ratio
1462 5192 1746 5249 dubitandi
1782 5208 1964 5250 utrum
1996 5197 2250 5252 collectio
2282 5199 2632 5256 homiliarum
2665 5203 2807 5256 inter
2837 5218 2975 5272 quas
3011 5204 3284 5259 nonnullae
3309 5183 3633 5260 inscribun-

351 5284 440 5326 tur
470 5271 524 5325 in
558 5269 1045 5330 Pt'zesentationem
1078 5279 1158 5333 vel
1192 5281 1240 5333 in
1274 5280 1743 5351 Assumptiouem,
1785 5285 1963 5353 reipsa
1993 5286 2342 5355 Antipatrum
2377 5288 2634 5344 habuerit
2660 5269 2966 5348 auctorem.

423 5359 530 5414 Sed
567 5362 679 5415 haec
719 5365 901 5417 omnia
948 5367 1081 5420 nihil
1117 5368 1184 5421 ad
1226 5385 1367 5424 nos:
1396 5385 1523 5424 nam
1557 5387 1624 5426 ex
1658 5373 1870 5428 duabus
1899 5388 2034 5442 quas
2060 5373 2382 5442 subiicimus
2432 5377 2692 5441 homiliis,
2737 5380 2885 5448 prior
2918 5379 2972 5433 in
3011 5382 3270 5435 honorem
3312 5379 3637 5436 Natiritatis

353 5448 523 5503 sancti
552 5446 779 5503 Joannis
803 5450 1058 5520 Baptista:
1081 5457 1264 5510 habita
1299 5467 1416 5522 est;
1445 5472 1608 5525 porro
1638 5461 1843 5516 nullum
1867 5471 1952 5518 est
1978 5464 2199 5520 dubium
2219 5467 2349 5534 quin
2379 5468 2700 5522 solemnitas
2729 5446 2903 5525 sancti
2931 5470 3164 5528 Joannis
3189 5471 3467 5541 Antipatri
3496 5481 3636 5526 tem-

349 5549 453 5602 pus
483 5539 840 5593 antecesserit
869 5541 924 5594 in
956 5541 1197 5600 Ecclesia
1230 5545 1344 5601 sive
1378 5543 1568 5601 Grrcca
1596 5549 1713 5605 sive
1746 5549 1966 5609 Latina.
1998 5551 2282 5611 Posterior
2313 5571 2444 5613 vero
2476 5559 2725 5626 homilia,
2766 5564 2964 5618 nedum
2997 5564 3071 5618 sit
3101 5563 3167 5618 de
3193 5539 3462 5631 peculiari
3496 5577 3640 5634 quo-

546 5715 791 5806 niart'rib‘e
819 5719 885 5806 die
921 5711 1239 5806 Simeonum
1277 5723 1516 5806 scriptis,
1549 5739 1672 5796 pag.
1701 5727 1790 5781 89.
2122 5735 2200 5801 (5)
2249 5735 2362 5789 Vol.
2397 5734 2487 5802 IX,
2524 5751 2643 5806 pag.
2683 5737 2805 5791 6'29.

425 5790 505 5858 (ιι)
544 5787 701 5843 Bonl.
736 5789 901 5848 Guill.
934 5791 1077 5848 Cave
1106 5795 1172 5848 ad
1201 5808 1329 5849 anu.
1362 5787 1486 5848 6‘60.
