4086 6414
380 350 510 416 1ῖ31
1308 346 1666 408 MONITUM
1725 348 1804 407 ΙΝ
1845 347 2292 418 SEQUENTES
2333 348 2726 409 HOMILIAS.
3527 354 3667 419 ITGZ

375 467 500 518 dam
541 459 802 531 mysterio
834 460 1008 515 beata:
1041 459 1303 530 Virginis,
1353 459 1439 512 vel
1468 472 1566 528 per
1611 457 1850 526 aliquam
1887 456 2291 511 solemnitatem
2333 457 2451 526 ejus
2486 457 2631 512 dicta
2662 456 2932 521 videatur.
2987 473 3017 514 e
3067 469 3254 513 contra
3287 461 3506 516 videtur
3540 478 3664 517 esse

379 550 562 604 habita
596 549 685 602 die
718 547 1022 613 Dominica,
1057 549 1111 602 in
1145 563 1249 617 qua
1286 545 1582 616 explicatio
1611 544 1844 599 dabatur
1875 545 2202 600 brevissima
2233 546 2301 599 de
2331 544 2562 599 historia
2599 545 2910 614 evangelica
2939 563 2954 612 ;
2986 547 3142 616 cujus
3177 548 3413 602 humilia:
3445 549 3656 616 aliquot

375 645 595 692 exstant
634 636 861 706 vestigia
891 626 1210 692 in'Scholiis
1243 635 1472 705 antiquis
1515 634 1571 688 in
1615 631 1962 704 Euangelium
2005 631 2189 700 Lucra,
2211 647 2338 704 quas
2362 632 2839 689 eminentissimus
2865 635 3158 690 cardinalis
3197 635 3438 707 Angelus
3471 637 3574 691 Mai
3607 638 3662 692 in

378 737 510 782 tom.
546 723 620 780 IX
643 724 1002 780 Classicorum
1033 726 1326 780 Auctorum
1348 722 1538 780 Graece
1569 723 1742 778 edidit
1764 723 1864 793 (4).

450 817 677 888 Insuper
707 818 830 872 addi
857 825 1036 887 potest
1070 817 1124 870 in
1159 826 1348 872 nostro
1385 831 1552 870 sensu
1583 815 1731 870 nullo
1763 815 1924 871 modo
1957 829 2096 883 opus
2127 827 2250 869 esse
2276 828 2378 869 cur
2405 815 2474 869 ad
2506 815 2874 870 recentiorem
2909 815 3258 886 Antipatrum
3288 830 3659 882 recurramus,

379 908 466 962 cui
511 905 860 960 ascribantur
912 904 1150 958 liomilize
1197 904 1266 958 de
1310 903 1748 960 Prmsentatioue
1794 903 1945 958 etde
1977 904 2369 971 Assumptione
2393 902 2658 974 Virginis.
2693 904 2969 974 Quidquid
3015 906 3084 959 sit
3127 906 3190 960 de
3221 904 3542 961 Trombellii
3578 907 3659 976 (5i

379 997 676 1062 sententia,
697 994 790 1064 qui
831 992 1117 1048 contendit
1144 992 1287 1046 hanc
1313 991 1726 1061 inscriptionem
1749 989 1816 1044 In
1851 990 2097 1058 Deiparw
2117 992 2544 1060 Assumptionem
2575 1009 2604 1047 a
2638 1008 2800 1047 manu
2833 995 3122 1048 recentiori
3159 994 3211 1048 in
3255 1003 3403 1048 textu
3432 995 3663 1064 Antipa-

383 1087 453 1142 tri
487 1088 748 1142 insertam
779 1083 975 1148 fuisse,
999 1097 1123 1138 cum
1157 1082 1210 1136 in
1240 1089 1356 1136 toto
1387 1095 1642 1136 sermone
1666 1080 1812 1135 nulla
1846 1080 2053 1134 mentio
2082 1079 2244 1149 hujus
2269 1081 2519 1152 mysterii
2549 1082 2836 1149 habeatur,
2862 1083 3010 1136 nulla
3042 1092 3126 1138 est
3161 1083 3461 1139 necessitas
3491 1084 3666 1139 alium

382 1177 588 1246 fingere
621 1175 968 1244 Antipatrum
1008 1187 1168 1242 quem
1207 1172 1356 1226 solus
1399 1170 1698 1226 somniavit
1728 1171 1997 1233 Oudinus,
2032 1170 2248 1224 etiamsi
2277 1171 2536 1240 praedicta
2567 1169 2787 1225 homilia
2812 1171 2879 1225 de
2927 1169 3151 1242 Virgine
3191 1179 3478 1241 assumpta
3532 1189 3658 1240 age-

383 1275 489 1329 ret,
521 1262 663 1317 sicut
703 1270 759 1316 et
787 1270 1022 1330 quatuor
1052 1259 1166 1326 alii,
1210 1259 1254 1313 si
1281 1258 1455 1314 titulis
1487 1257 1619 1313 fides
1657 1258 1945 1323 habeatur,
1987 1273 2108 1327 quae
2138 1259 2208 1313 de
2250 1259 2368 1328 ejus
2397 1259 2830 1316 Praesentatione
2878 1269 3134 1316 tractant.
3193 1260 3250 1314 Si
3287 1260 3517 1334 objicias
3548 1261 3666 1316 haec

383 1353 521 1407 festa
555 1349 850 1405 recentiori
883 1359 1127 1418 tempore
1164 1346 1333 1402 fuisse
1369 1347 1647 1412 instituta,
1677 1361 1746 1401 ex
1772 1361 1839 1401 eo
1865 1347 2005 1415 quod
2037 1347 2248 1402 nullum
2276 1350 2348 1403 sit
2377 1351 2568 1404 horum
2601 1351 2975 1417 vestigium'in
3008 1351 3382 1406 anteriorihus
3412 1350 3655 1414 saeculis,

387 1440 546 1500 facile
589 1447 882 1508 reponetnr
917 1439 1019 1492 hoc
1045 1437 1333 1505 vestigium
1369 1450 1493 1490 esse
1518 1436 1602 1490 vel
1630 1435 1884 1490 homilias
1917 1449 2107 1489 eorum
2145 1436 2434 1510 occasione
2460 1438 2694 1502 habitas,
2726 1440 2812 1491 vel
2848 1439 3042 1492 horum
3073 1438 3336 1492 fesmrum
3375 1437 3583 1492 mentio
3612 1438 3664 1490 in

382 1526 722 1583 Calendariis
754 1525 1042 1592 Ecclesia};
1085 1533 1139 1579 et
1183 1525 1234 1577 in
1274 1524 1443 1579 hocce
1481 1535 1616 1578 casu
1657 1524 1824 1594 quaeri
1864 1533 2042 1591 potest
2067 1538 2167 1579 cur
2195 1540 2260 1580 ex
2304 1525 2578 1596 Antipatri
2613 1527 2856 1581 lioniiliis
2899 1542 3007 1583 non
3056 1527 3481 1582 concluderetur
3513 1533 3661 1579 ante-

386 1616 497 1670 rior
527 1615 722 1668 horum
754 1611 1015 1666 festorum
1043 1610 1391 1668 exsistentia.
1425 1609 1659 1676 Quinam
1704 1609 1898 1665 melior
1927 1611 2296 1668 ratiocinandi
2328 1613 2560 1668 modus?
2602 1606 2836 1680 Quinam
2867 1628 3013 1669 sanae
3051 1613 3257 1668 critica:
3288 1613 3668 1669 accommoda-

387 1701 527 1758 tiorl
565 1701 761 1757 Utrum
799 1699 994 1756 melius
1025 1709 1103 1754 est
1141 1713 1206 1753 ex
1244 1698 1562 1753 testimonio
1591 1699 1796 1768 scripto
1840 1700 1968 1754 facti
2006 1701 2390 1757 exsistentiam
2431 1701 2781 1768 concludere,
2815 1701 2900 1756 vel
2931 1717 2997 1756 ex
3026 1701 3246 1758 silentio
3279 1701 3532 1764 aliorum,
3565 1702 3666 1755 du-

386 1791 566 1847 bitare
595 1791 665 1847 de
687 1790 1016 1846 exsistentia
1045 1788 1293 1859 ejusdem
1328 1787 1587 1853 facti,vel
1624 1788 1826 1858 scripta
1859 1789 2176 1845 testimonia
2211 1790 2332 1846 falsi
2377 1790 2652 1862 arguere?
2685 1791 2912 1861 lnsnper
2941 1791 3100 1846 facile
3130 1791 3316 1845 videre
3349 1799 3431 1844 est
3466 1789 3670 1844 nullius

385 1894 506 1936 esse
552 1878 769 1934 roboris
812 1879 916 1933 hoc
959 1876 1276 1946 negativum
1313 1886 1724 1947 argumentum.
1759 1877 1892 1944 Qum
1924 1887 2052 1932 sunt
2101 1879 2250 1934 enim
2288 1889 2641 1934 monumenta
2677 1895 2742 1936 ex
2775 1894 3010 1950 quorum
3059 1878 3278 1933 silentio
3324 1875 3672 1932 concluditur

385 1968 522 2024 festa
568 1983 676 2024 non
725 1967 976 2022 instituta
1005 1965 1214 2021 fuisse?
1259 1965 1333 2020 Ea
1375 1965 1628 2022 videlicet
1657 1982 1780 2037 quae
1829 1967 1897 2022 ad
1961 1966 2239 2023 Ecclesias
2280 1967 2654 2023 occidentales
2702 1967 2790 2022 vel
2834 1966 3134 2021 orientales
3184 1965 3485 2036 pertinent,
3523 1962 3671 2018 nullo

386 2057 548 2112 modo
587 2071 716 2111 vero
756 2055 823 2111 ad
856 2055 1123 2110 Arahicas
1159 2053 1244 2108 vel
1279 2053 1646 2109 Bostrensem.
1683 2053 1912 2110 Etiamsi
1944 2055 2389 2121 concederemus,
2420 2055 2472 2108 in
2503 2053 2771 2110 Ecclesiis
2807 2055 2897 2110 ubi
2934 2063 3158 2110 exstant
3185 2055 3436 2124 quendam
3472 2068 3669 2108 monu-

387 2154 572 2199 menta
603 2159 668 2198 ex
699 2143 919 2199 silentio
949 2143 1079 2213 quid
1109 2156 1270 2213 posse
1309 2141 1600 2208 concludi,
1637 2143 1937 2198 absurdum
1975 2154 2120 2198 esset
2153 2144 2232 2198 sic
2269 2143 2588 2198 ratiocinari
2633 2144 2700 2198 de
2730 2143 2854 2198 aliis
2886 2161 2898 2198 :
2933 2143 3074 2196 ratio
3111 2152 3196 2197 est
3228 2143 3356 2210 quia
3393 2141 3440 2194 si
3486 2143 3538 2195 in
3568 2141 3668 2195 ali-

387 2221 710 2303 que'varius
737 2232 903 2288 fuerit
950 2247 1083 2287 usus
1115 2230 1506 2295 Ecclesiarum,
1543 2232 1783 2286 maxime
1827 2233 1880 2286 in
1918 2231 2178 2288 festorum
2213 2230 2620 2299 celebratione;
2662 2245 2792 2303 ergo
2819 2245 2888 2287 ex
2923 2246 2989 2287 eo
3018 2232 3161 2302 quod
3209 2231 3428 2300 aliquod
3466 2227 3667 2285 festum

387 2322 564 2378 serius
605 2333 885 2391 receptum
917 2320 1082 2376 fuerit
1115 2321 1172 2374 in
1202 2320 1436 2390 quodam
1471 2320 1614 2388 loco,
1655 2320 1906 2376 concludi
1946 2335 2051 2374 non
2087 2329 2262 2389 potest
2291 2320 2396 2376 hoc
2425 2319 2620 2375 festum
2657 2330 2814 2376 antea
2848 2322 2901 2376 in
2951 2321 3054 2375 alia
3089 2321 3334 2377 Ecclesia
3378 2335 3486 2376 non
3518 2317 3668 2375 cele-

387 2408 601 2464 bratum
637 2409 828 2464 fuisse.

462 2504 605 2561 Addi
648 2504 874 2574 insuper
898 2513 1098 2575 potest,
1132 2511 1520 2577 argumentum
1567 2502 1764 2560 exinde
1804 2503 2036 2574 petitum
2081 2507 2223 2572 quod
2274 2504 2530 2559 deﬁciant
2559 2503 2825 2572 homiliaa,
2875 2505 2944 2561 ad
2991 2504 3428 2562 concludendum
3471 2502 3670 2560 festum

388 2591 666 2665 quoddam
697 2607 805 2646 non
837 2591 1140 2658 exstitisse,
1177 2593 1378 2648 nullius
1408 2605 1534 2647 esse
1567 2592 1806 2648 roboris.
1845 2588 1983 2645 Nam
2012 2594 2078 2646 ad
2113 2592 2328 2662 singula
2358 2591 2496 2646 festa
2529 2607 2634 2646 non
2662 2593 3008 2649 habebantur
3043 2594 3303 2657 homiliae,
3333 2592 3418 2651 vel
3454 2592 3572 2648 ista:
3603 2591 3672 2647 ad

390 2695 492 2736 nos
537 2680 810 2736 universa:
839 2696 949 2736 non
991 2687 1386 2752 pervenerunt.
1419 2679 1478 2735 Si
1510 2679 1635 2735 talis
1669 2680 2056 2736 admitteretur
2106 2682 2268 2747 ratio,
2314 2680 2565 2735 concludi
2600 2690 2786 2751 posset
2837 2679 2892 2736 in
2933 2681 3180 2738 Ecclesia
3206 2680 3492 2737 Bostrensi
3523 2681 3663 2737 festa

366 2767 677 2824 'Paschatis
705 2779 764 2826 et
801 2767 1156 2826 Pentecostes
1185 2779 1314 2825 ante
1347 2770 1597 2839 quintum
1628 2768 1890 2824 steculum
1924 2783 2030 2822 non
2067 2767 2237 2824 fuisse
2277 2771 2551 2836 instituta,
2586 2785 2653 2826 ex
2689 2786 2754 2826 eo
2784 2772 2932 2844 quod
2974 2772 3156 2828 nullus
3183 2773 3256 2828 sit
3281 2773 3348 2828 de
3371 2772 3452 2827 eis
3483 2783 3669 2826 sermo

393 2855 478 2913 vel
516 2856 740 2914 homilia
771 2859 827 2914 in
857 2857 1148 2930 Antipatro
1173 2856 1274 2930 (6).
1313 2859 1421 2914 Sed
1450 2857 1517 2913 de
1542 2858 1629 2914 his
1652 2857 1788 2914 satis
1818 2869 2094 2927 superque
2123 2857 2351 2914 dictum.

464 3059 542 3140 (ι)
581 3055 794 3140 Titulus
821 3069 908 3140 est
937 3059 1203 3140 :_Exd)ttr_r_
1258 3057 1472 3140 παλαιὰ
1520 3059 1602 3123 εις
1647 3057 1990 3140 Εξοεγγέλιον

2091 3126 2105 3140 .
2163 3055 2242 3140 t6)
2281 3057 2437 3140 Arus!
2457 3056 2752 3140 ,(ὶυάῖιιμιεει
2787 3056 2824 3113 ι·
2860 3053 3673 3140 canes-.1039!evndi“:-

395 3123 541 3186 uasat
567 3130 808 3202 Aouxdv.
839 3129 1001 3186 Conf.
1030 3123 1244 3188 scholia
1284 3132 1352 3187 ad
1387 3145 1510 3202 cap.
1541 3145 1582 3196 I,
1615 3144 1666 3187 ν.
1705 3123 1986 3202 “seqq”
2091 3123 2363 3202 lesiu’mih
2386 3129 2571 3184 Addit.
2594 3131 2663 3183 ad
2690 3127 2862 3185 Gram.
2885 3123 3140 3184 Bililioth.
3170 3123 3437 3195 Fabricii,
3461 3125 3568 3182 vol.
3603 3123 3674 3194 Χ,

397 3201 668 3344 “(33)?
692 3215 857 3342 3?,“3:
887 3270 1013 3328 565.

756 3215 857 3270 ,qq_
1457 3198 1474 3202 '
1882 3198 1899 3200 “
1921 3198 1938 3202 ⁷
2091 3213 2214 3270 pag.
2244 3198 2369 3256 519.

756 3309 766 3337 ,
799 3286 854 3342 p.
887 3270 1013 3328 565.
