4086 6478
404 365 539 428 176$

1220 361 1549 425 HOMILIA
1592 365 1673 425 IN
1715 366 1774 427 3.
1807 367 2163 429 JOANNEM
2199 370 2651 450 BAPTISTAM,
2689 375 2851 436 ETC.

3539 379 3680 446 I768

400 496 550 549 μεων
577 475 883 548 τιμιωτέρα
914 477 1145 548 φανεῖσα
1181 477 1341 548 Θεῷς
1379 479 1475 543 Τίς
1508 483 1540 551 ἡ
1578 482 1672 535 τὸν
1702 484 1989 555 ἀρχώρητον
2019 524 2029 548 λ

2105 486 2368 542 universis
2417 488 2772 545 excellentior
2823 491 2940 547 visa
2985 500 3070 549 est
3129 494 3240 552 Deo
3261 495 3379 569 (ΞΗ
3420 494 3681 565 Quanam

395 574 459 627 ἐν
487 574 551 642 τῇ
588 570 750 642 νηδύϊ
791 570 1031 641 ἐχουσα;
1064 573 1147 635 τίς
1194 574 1226 643 ὴ
1264 574 1357 626 τὸν
1402 574 1700 646 ἀπρόσιτον
1743 577 1990 647 φέρουσα

398 664 809 732 ὐπογάστριονς
839 663 935 728 Τίς
963 665 996 733 ἡ
1042 664 1413 734 μεσιτεύσασα
1452 666 1531 736 τῷ
1560 666 1666 736 τῆς
1699 668 1988 738 ἀνθρωπό-

399 773 561 826 τητος
598 755 798 827 χόρτῳ,
834 755 896 807 τδ
927 755 1039 825 πῦρ
1068 757 1317 824 ἐνεγκεῖν
1354 757 1400 789 ³⁸
1424 758 1528 826 τῆς
1572 758 1860 829 θεότητος;
1892 760 1992 825 Τίς

400 849 700 918 ἀναγγελεῖ
732 851 798 919 τῇ
845 848 937 901 τοῦ
984 850 1333 919 προπάτορος
1381 849 1556 919 Ἀδὰμ
1591 852 1634 883 ³⁵
1664 854 1888 920 γυναικὶ
1932 853 1995 906 τὸ

399 939 500 996 νῦν
541 940 867 1010 τελούμενον
906 941 1208 1010 μυστήριον
1235 958 1249 1005 ;
1284 941 1380 1004 Τίς
1408 941 1571 1007 λέξει,
1601 942 1792 1015 ὅτιπερ
1830 946 1863 1013 ἡ
1893 960 1995 998 κα-

400 1035 667 1103 τάκριτος
700 1032 959 1103 ἐλήλυθεν
1006 1031 1156 1085 ἔνδον
1201 1032 1402 1102 ἔχουσα
1454 1033 1545 1086 τὸν
1591 1035 1787 1105 κριτὴν
1824 1036 1869 1068 ¹⁶
1900 1035 1997 1089 καὶ

402 1127 459 1197 ἡ,
482 1125 586 1180 Ἐν
601 1127 825 1191 λύπαις
848 1124 1003 1189 τέξει
1022 1125 1064 1156 ¹⁷
1087 1124 1291 1188 τέκνα,
1310 1126 1615 1189 ἀκούσασα,
1648 1127 1996 1197 βαστάζουσα

401 1218 743 1287 παρεγένετο
774 1218 868 1272 τὸν
903 1218 1002 1290 τῆς
1047 1217 1223 1289 λύπης
1256 1220 1392 1289 ἡμῖν
1439 1218 1539 1289 τὴν
1573 1218 1740 1288 ,λύσιν
1783 1221 1993 1281 ὐπιιγο⁸

406 1309 641 1382 ρεύοντα
662 1326 678 1376 ;

480 1588 655 1642 Βαδαὶ
685 1589 782 1658 τῆς
811 1587 1012 1659 τιμῆςῑ
1049 1585 1224 1640 Βασαὶ
1254 1587 1356 1657 τῆς
1400 1586 1613 1655 ἀφάτου
1648 1584 1994 1657 μεταϐολῆςε

405 1680 516 1734 Τοῦ
541 1680 879 1750 παραδείσου
908 1682 936 1733 ὁ
980 1678 1115 1742 Θεὸς
1143 1677 1378 1750 ἐχώρισε
1416 1678 1510 1731 τὸν
1541 1677 1996 1749 πρωτόπλαστον,

404 1773 502 1826 καὶ
527 1748 691 1824 αὐτον
720 1771 1003 1841 ἐχώρησεν
1035 1772 1068 1842 ἡ
1097 1748 1289 1824 τούτου
1319 1748 1626 1839 ἀπόγονος-γι
1667 1769 1726 1823 Ὀ
1747 1770 1998 1840 δέρματα
2035 1748 2073 1801 Β

408 1865 589 1938 βάψας
632 1866 691 1917 ἐν
744 1864 1086 1935 παραδείσῳ,
1136 1866 1193 1917 ἐν
1232 1863 1389 1934 νηδύϊ
1438 1862 1823 1916 καλύπτεταιι
1871 1856 1999 1936 ἐνῇ

404 1958 499 2012 τὸν
526 1959 855 2028 προπάτορα
886 1956 1167 2026 ὀργισθεὶς
1207 1955 1485 2020 ἐξέϐαλεν,
1522 1957 1582 2008 ἐν
1624 1954 1796 2025 ταύτῃ
1831 1954 2002 2009 σπλα-

406 2048 686 2120 γχνισθεὶς
716 2047 1104 2118 ὲπεδήμησενῑ
1139 2047 1244 2100 Ἦν
1273 2047 1627 2117 κατηράσατο
1654 2046 1779 2116 γῆν,
1798 2046 2002 2116 ταύτην

406 2143 649 2211 ἐπάτησε
670 2143 738 2212 τῇ
762 2141 882 2211 θείᾳ
905 2141 1083 2208 βάσει,
1105 2139 1204 2210 τὴν
1227 2140 1504 2207 ἀπόφασιν
1522 2138 1768 2209 ἀκυρῶν,
1793 2139 1996 2208 dixin-

405 2250 522 2298 τοις
553 2234 727 2304 ἴχνεσι
757 2231 1063 2302 συντρίϐων
1085 2231 1186 2301 τῆς
1210 2232 1486 2301 ἁμαρτίας
1518 2232 1798 2285 ἄκανθανι

2096 578 2201 635 ista
2231 588 2337 647 est,
2364 597 2486 651 qua:
2512 593 2672 638 utero
2704 599 2803 641 suo
2831 600 2953 641 eum
2979 589 3244 654 contt'net,
3270 591 3363 659 qui
3395 592 3541 648 nullo
3559 594 3681 663 capi

2096 673 2219 728 loco
2252 676 2468 744 potest?
2498 675 2762 743 Quaenam
2798 694 2863 734 ea
2895 689 3001 744 est,
3035 696 3157 749 quae
3204 682 3352 736 illum
3389 685 3481 753 qui
3523 685 3679 741 inac-

2094 779 2286 821 cessus
2330 776 2435 835 est,
2486 779 2675 824 ventre
2724 771 2995 825 inclusum
3042 773 3227 843 gerit?
3273 775 3530 841 Quaenam
3578 778 3683 833 ista

2096 867 2197 922 est,
2236 874 2358 926 quae
2393 861 2686 917 mediatrix
2718 862 2864 918 [ωηο
2906 864 3261 920 humanitatis
3294 866 3417 931 fuit,
3449 879 3508 923 ut
3535 870 3686 926 ferre

2099 957 2283 1017 posset
2327 949 2505 1018 ignem
2547 951 2887 1009 divinitatis?
2938 954 3072 1021 Quis
3110 961 3513 1027 protoparentis
3551 961 3687 1016 Adae

2099 1040 2253 1093 uxori
2302 1043 2640 1097 renuntiabit
2688 1030 3033 1115 mysterium,
3079 1048 3219 1115 quod
3270 1064 3411 1103 nunc
3462 1050 3683 1118 perﬁci-

2101 1131 2230 1185 tur?
2256 1131 2390 1197 Quis
2418 1133 2568 1205 (ipsi)
2606 1135 2826 1202 referet,
2867 1137 3174 1205 mulierem,
3203 1154 3325 1209 qna:
3367 1140 3495 1194 olim
3529 1143 3684 1196 dam-

2102 1231 2226 1274 nata
2279 1221 2477 1288 fuerat,
2511 1240 2655 1279 nunc
2705 1226 2878 1294 ipsum
2923 1225 3162 1293 judicem
3195 1230 3247 1283 in
3281 1241 3436 1285 utero
3462 1231 3686 1299 habere,

2104 1328 2336 1383 quaeque
2362 1316 2490 1370 olim
2518 1316 2648 1371 illud
2680 1320 2930 1373 audierat
2948 1320 2999 1383 ι’,
3022 1319 3087 1374 1η
3117 1321 3301 1375 dolore
3323 1325 3496 1390 paries
3520 1325 3684 1392 ﬁlios,

2104 1404 2245 1459 hanc
2272 1409 2429 1459 modo
2456 1408 2574 1460 sinu
2603 1425 2702 1462 suo
2731 1411 2881 1463 illum
2912 1423 3148 1481 gestare,
3179 1415 3269 1482 qui
3302 1415 3460 1470 nobis
3483 1417 3688 1472 doloris

2104 1496 2428 1552 solutionem
2455 1501 2739 1553 annuntiat
2760 1501 2783 1553 2

2174 1589 2318 1643 Proh
2347 1603 2586 1657 quantus
2611 1591 2821 1647 honor!
2852 1591 2993 1648 Proh
3032 1590 3323 1649 ineﬂ'abilis
3361 1610 3542 1650 rerum
3581 1596 3689 1652 im-

2103 1681 2361 1734 mutatio!
2398 1681 2639 1736 Primum
2672 1698 2702 1737 a
2754 1699 2813 1738 se
2850 1687 3130 1739 conditum
3164 1687 3436 1742 hominem
3472 1688 3614 1744 Deus
3655 1704 3691 1746 θ

2105 1772 2358 1839 paradiso
2403 1774 2669 1838 exclusit;
2704 1784 2761 1829 et
2807 1776 2972 1829 Datim
3014 1778 3067 1830 in
3114 1792 3175 1833 se
3214 1780 3480 1835 conclusit
3525 1782 3686 1850 printi

2107 1864 2344 1919 hominis
2398 1865 2649 1920 soboles!
2706 1867 2807 1933 Qui
2861 1868 2915 1922 in
2968 1870 3224 1937 paradiso
3268 1883 3689 1942 protoparentes

2106 1955 2336 2024 pellibus
2373 1957 2639 2023 contexit,
2676 1957 2791 2026 ipse
2826 1960 3085 2029 virgineis
3121 1964 3433 2032 contegitur
3463 1965 3691 2019 visceri-

2108 2047 2233 2100 bus!
2271 2045 2402 2113 Quae
2445 2048 2497 2100 in
2545 2065 2706 2103 causa
2744 2050 2920 2106 fuerat
2971 2062 3028 2106 ut
3063 2052 3378 2124 indignatus
3427 2067 3686 2125 protopa-

2107 2148 2315 2190 rentem
2362 2137 2608 2203 ejiceret,
2657 2141 2770 2193 haec
2801 2140 2977 2196 cﬂ‘ecit
3008 2152 3067 2197 ut
3103 2144 3480 2199 misericordia
3509 2157 3687 2203 motus

2107 2229 2173 2283 ad
2206 2229 2456 2283 homines
2499 2231 2852 2287 adventaret!
2892 2232 3063 2299 Quam
3118 2248 3438 2291 exsecratus
3482 2246 3685 2293 terram

409 2322 607 2387 luerat,
654 2324 818 2387 hanc,
861 2321 1136 2377 sententia
1186 2320 1277 2375 illa
1320 2320 1516 2386 deleta,
1553 2321 1741 2376 divino
1809 2318 2043 2376 calcavit
2109 2335 2341 2390 gressu,
2385 2323 2603 2386 peccati
2655 2322 2867 2392 spinam
2915 2324 3215 2394 impollutis
3260 2329 3508 2398 vestigiis
3558 2344 3691 2399 pro-

408 2428 559 2475 ισξΙὮΙὶ

467 2421 627 2476 rens!

479 2517 556 2573 Γ.
581 2516 769 2572 Ταῦτα
806 2517 1057 2573 Ἰωάννου
1079 2519 1149 2573 τὰ
1173 2521 1554 2593 σκιρτήματα,
1581 2520 1781 2589 μᾶλλον
1811 2518 1869 2573 δὲ
1903 2519 2001 2589 (5f,-

2179 2515 2266 2572 lll.
2308 2517 2431 2572 Haec
2461 2517 2561 2572 sibi
2591 2518 2844 2573 volebant
2878 2518 2981 2573 illa:
3007 2517 3234 2574 Joannis
3275 2519 3690 2589 exsultationes,

412 2626 560 2681 ματα
581 2626 596 2641 ο
631 2611 854 2681 ῥήματα
897 2611 1010 2681 γὰρ
1039 2607 1105 2682 ἦν
1138 2611 1231 2665 τοῦ
1266 2613 1433 2683 μήπω
1474 2611 1764 2682 τεχθέντος
1809 2610 1999 2673 παιδὸς

2105 2624 2198 2664 seu
2230 2611 2412 2678 potius
2455 2611 2657 2677 verba;
2693 2626 2815 2665 nam
2862 2611 3258 2666 exsultationes
3305 2610 3410 2664 illa:
3450 2613 3689 2670 nondum

407 2702 479 2755 τὰ
521 2702 897 2773 σκιρτήματα.
938 2702 1037 2765 Τίς
1075 2703 1134 2769 ἐξ
1185 2701 1384 2767 αἰῶνος
1428 2702 1701 2772 Ἑλλήνων
1745 2705 1804 2755 ἐν
1838 2701 2002 2771 πολιᾷ

2107 2704 2218 2757 nati
2245 2704 2421 2757 instar
2450 2703 2742 2758 verborum
2772 2714 2951 2758 erant.
2989 2703 3124 2770 Quis
3166 2706 3449 2773 gentilium
3486 2709 3695 2776 sapien-

409 2793 595 2863 σοφῶν
620 2793 664 2827 ⁸⁸
682 2792 950 2858 ἐδίδαξεν,
972 2789 1063 2848 οἷα
1086 2794 1193 2865 πρὸ
1220 2793 1559 2863 σπαργάνων
1577 2794 1605 2844 ὁ
1623 2793 1940 2864 Πρόδρομος
1959 2791 2002 2823 ¹⁹

2106 2803 2220 2849 tum
2265 2795 2349 2850 vel
2386 2796 2441 2849 in
2490 2795 2693 2850 canitie
2733 2807 2843 2851 tam
2876 2796 3126 2851 sublimia
3173 2813 3409 2866 unquam
3452 2800 3693 2866 edocuit,

410 2883 759 2955 ὐπηγόρευσε
781 2902 795 2950 ;
817 2883 1057 2938 Τοιαῦτα
1077 2886 1190 2955 γὰρ
1209 2885 1307 2955 τῆς
1330 2884 1618 2953 παρούσης
1638 2882 2005 2953 πανηγύρεως

2108 2888 2290 2956 qualia
2323 2888 2409 2942 vel
2436 2898 2727 2957 antequam
2757 2888 2950 2943 fasciis
2987 2888 3355 2945 involveretur
3379 2888 3695 2949 Precursor

408 2975 480 3031 τὰ
506 2977 804 3047 μυστήρια,
832 2974 869 3030 ἃ
892 2976 1184 3048 κηρύττειν
1210 2975 1432 3041 ἐθέλων,
1463 2975 1835 3046 εὐρεθήσομαι
1856 2972 2002 3044 βυθῷ

2111 2976 2452 3031 enuntiavit?
2487 2978 2769 3046 Ejusmodi
2802 2978 2946 3033 enim
3000 2988 3132 3033 sunt
3180 2979 3547 3037 solemuitatis
3589 2984 3696 3038 bu-

408 3067 712 3139 θαυμάτων
757 3067 1102 3137 ἐγκυὸιστῶν
1131 3068 1200 3131 ⁸⁸,
1248 3068 1343 3121 καὶ
1385 3069 1715 3139 ἀεροπορεῖν
1769 3066 2002 3136 οὐράνια

408 3161 771 3233 διηγούμενος
792 3175 810 3192 ο
844 3159 926 3214 διο
959 3178 1050 3232 μοι
1079 3161 1334 3227 ἱκετεύω,
1365 3159 1673 3225 Βαπτιστὰ,
1701 3159 1802 3230 τῆς
1830 3157 2003 3228 εὐχῆς

409 3254 651 3309 ἐπιδίδου
676 3254 777 3324 τὴν
798 3252 1051 3326 ἄγκυραν
1078 3256 1149 3320 ⁸⁸,
1177 3255 1274 3310 καὶ
1306 3254 1584 3309 άπταιστα
1612 3252 1735 3309 τάδε
1764 3268 1856 3323 μοι
1882 3251 2001 3305 δια-

410 3345 673 3418 φύλαξον,
722 3344 800 3411 ὡς
832 3347 879 3378 “
935 3345 1090 3417 φωνὴ
1135 3346 1448 3417 τυγχάνων,
1501 3343 1614 3399 τῶν
1675 3344 2005 3415 φωνητικῶν

408 3439 664 3510 ὀργάνων
708 3438 779 3492 τὰ
819 3439 1188 3510 αἰσθητήρια·
1227 3437 1532 3500 πιστεύσας
1565 3436 1681 3506 γὰρ
1719 3436 1823 3490 οὐκ
1869 3437 2005 3490 ἀπι-

412 3534 618 3604 στήσας
661 3530 901 3602 ἐλήλυθα
942 3530 1004 3583 τὸ
1038 3529 1150 3583 τῶν
1187 3529 1364 3597 λόγων
1414 3544 1497 3581 σοι
1550 3526 1881 3598 προσφέρων
1912 3527 2007 3581 θυ-

414 3623 620 3695 μίαμα,
650 3614 697 3690 ᾧ
723 3621 772 3653 ⁸³
801 3619 899 3675 καλ⁸
937 3619 1216 3681 πεποιθὼς
1265 3618 1391 3682 τοὺς
1438 3619 1567 3682 σούς
1593 3617 1816 3685 ἀγῶνας
1858 3617 2006 3671 ἐκδι-

410 3716 726 3787 ηγήσομαι’
761 3717 810 3765 εί
842 3713 920 3777 δέ,
970 3712 1065 3764 καὶ
1099 3712 1146 3743 ’⁵
1183 3710 1567 3782 ήττηθήσομαι
1598 3710 1840 3781 χαίρων*
1876 3710 2003 3778 νίκη

412 3809 523 3878 γάρ
547 3807 636 3877 μοί
666 3808 785 3859 ἐστι
808 3806 900 3858 τοῦ
923 3804 1060 3875 ἐμοῦ
1087 3804 1393 3876 προστάτου
1420 3801 1711 3873 νικηθῆναι
1734 3804 1848 3866 τοῖς
1873 3800 2006 3855 θαύ-

415 3915 572 3971 μασι.

486 4176 556 4231 Δ’.
589 4174 887 4246 Ἐγένετο,
933 4173 1124 4245 φησιν,
1160 4172 1231 4227 ἐν
1287 4171 1419 4239 ταῖς
1462 4171 1714 4241 ’ἡμέραις
1751 4171 2005 4240 Ἡρώδου

411 4268 521 4323 τοῦ
547 4266 875 4333 βασιλέως.
908 4267 1086 4335 Μήτις
1114 4268 1181 4337 τῇ
1209 4266 1498 4336 ἐπωνυμίᾳ
1521 4264 1629 4317 τῶν
1654 4264 2006 4333 Εὐαγγελίων

2101 3066 2196 3136 jus
2243 3068 2525 3137 mysteria,
2551 3084 2672 3138 qua:
2707 3069 2961 3139 persequi
2993 3070 3040 3124 si
3068 3069 3253 3137 velim,
3302 3073 3691 3129 miraculorum

2109 3159 2481 3227 profunditate
2530 3176 2618 3217 me
2672 3160 2855 3227 obrui,
2895 3162 3136 3229 dumque
3182 3162 3425 3218 cmlestia
3467 3180 3692 3231 enarra,

2108 3252 2263 3322 quasi
2301 3268 2398 3322 per
2429 3267 2611 3307 aerem
2661 3254 2813 3323 gradi
2859 3267 2948 3308 me
2982 3255 3240 3309 sentiam.
3293 3255 3587 3325 Quocirca,
3640 3266 3694 3313 te

2108 3360 2260 3414 rogo,
2307 3360 2341 3398 o
2375 3342 2641 3414 Baptista,
2687 3356 2907 3400 tuarum
2953 3361 3174 3415 precum
3209 3348 3507 3402 anchoram
3558 3349 3692 3405 mihi

2109 3439 2316 3504 trilme;
2347 3443 2403 3491 et
2440 3448 2518 3503 tu,
2551 3448 2739 3506 utpote
2778 3452 2880 3493 vox
2916 3439 3209 3502 exsistens,
3260 3440 3503 3508 integros
3530 3455 3691 3497 serva

2109 3528 2243 3583 mihi
2275 3528 2480 3582 vocalis
2508 3526 2700 3598 organi
2725 3542 2938 3583 sensus.
2963 3527 3127 3582 Certa
3156 3529 3300 3584 enim
3339 3530 3444 3584 ﬁde
3473 3529 3695 3586 innixus

2106 3633 2172 3673 ac
2198 3618 2331 3672 nihil
2364 3620 2649 3689 ambigens
2680 3620 2911 3684 accessi,
2945 3629 3003 3673 ut
3034 3620 3305 3675 sermonis
3334 3621 3427 3677 tibi
3456 3621 3693 3679 militum

2105 3712 2329 3766 offeram
2355 3727 2369 3776 ;
2398 3726 2463 3765 ac
2496 3720 2780 3780 propterea
2808 3710 3038 3763 ﬁdenter
3075 3722 3164 3766 tua
3199 3714 3498 3767 certamina
3534 3729 3697 3768 enar-

2106 3803 2261 3864 rabo,
2309 3800 2434 3855 inde
2489 3801 2653 3855 etiam
2700 3813 2923 3854 sumens
2974 3808 3354 3866 argumentum
3399 3803 3603 3869 gaudii,
3647 3803 3695 3859 si

2107 3895 2268 3964 longe
2308 3893 2534 3949 inferior
2574 3892 2825 3947 laudibus
2860 3890 2967 3946 tuis
3009 3906 3190 3946 sermo
3224 3906 3377 3947 meus
3421 3895 3695 3963 evaserit;

2114 3991 2294 4044 instar
2349 3986 2496 4040 enim
2537 3984 2780 4039 victoriae
2812 3983 2945 4039 mihi
2986 3992 3091 4048 est,
3138 3984 3282 4052 quod
3322 3986 3535 4054 patroni
3586 3987 3694 4041 mei

2110 4079 2393 4136 miraculis
2426 4078 2634 4132 vincar.

2182 4172 2272 4229 IV.
2316 4169 2466 4237 Fuit,
2502 4168 2700 4238 inquit,
2732 4167 2789 4220 in
2822 4165 3004 4219 diebus
3039 4162 3269 4219 Herodis
3295 4166 3493 4236 regiae.
3527 4165 3697 4222 Nemo

2113 4266 2201 4321 hic
2230 4265 2300 4319 ob
2324 4262 2603 4317 nominum
2649 4258 3059 4315 similitudinem
3092 4254 3146 4309 in
3183 4254 3492 4325 Evangeliis
3522 4255 3698 4312 inter-

412 4362 597 4432 κλαπῇ
631 4358 728 4431 τὴν
769 4359 1052 4428 ἐξήγησιν.
1094 4357 1321 4428 ’Έτερος
1365 4358 1474 4426 γὰρ
1516 4359 1544 4409 ὁ
1586 4355 1856 4426 Ἡρώδης,
1897 4358 1926 4410 ὁ
1955 4356 2000 4388 ’⁵

2116 4355 2397 4428 pretandis
2428 4353 2751 4424 decipiatur.
2793 4350 2947 4405 Alius
2988 4352 3132 4405 enim
3163 4349 3266 4403 fuit
3320 4349 3561 4403 Herodes
3600 4350 3696 4420 qui

411 4455 505 4510 τὸν
536 4453 854 4525 Πρόδρομον
900 4451 1129 4513 ἀνελὼν,
1160 4452 1255 4503 κα)⁵
1295 4450 1452 4512 ἄλλος
1489 4442 1646 4513 οὗτος
1695 4447 1945 4519 Ἡρώδης
1974 4449 2003 4500 ὁ

411 4547 522 4601 τῶν
547 4548 754 4617 νηπίων
773 4544 896 4598 ἐκθε
908 4546 1064 4616 pica;
1084 4544 1181 4614 τὴν
1204 4542 1388 4613 χλοίην
1411 4544 1477 4607 ³⁵,
1497 4542 1589 4595 τὸν
1605 4542 1704 4606 τῆς
1720 4541 2006 4604 εὐσεϐείας

414 4642 617 4710 στάχυν
655 4639 700 4671 ⁸⁷
730 4638 932 4707 ζητῶν.
962 4638 1062 4689 Ἐν
1085 4635 1216 4702 ταῖς
1238 4636 1430 4689 τούτου
1461 4633 1732 4704 ἡμέραις,
1762 4633 2004 4702 ἐγένετο

411 4734 606 4801 ἱερεύς
636 4749 746 4798 τις,
792 4732 1038 4799 ὀνόματι
1069 4730 1389 4797 Ζαχαρίας,
1416 4729 1515 4782 καὶ
1548 4728 1587 4796 ἡ
1625 4725 1782 4798 γυνὴ
1814 4726 2002 4781 αὑτοῦ

410 4821 759 4878 Ἔλισάϐετ·
791 4817 955 4889 ἦσαν
987 4817 1056 4872 δὲ
1083 4817 1298 4872 δίκαιοι
1323 4819 1682 4887 ιζιιςοόινεροι⁸
1721 4816 2002 4869 ἐκοινώνει

410 4917 521 4989 γὰρ
547 4917 666 4988 βίου
698 4912 744 4947 ³⁸
767 4911 1057 4974 κοινωνίας
1082 4911 1142 4963 τὸ
1166 4909 1392 4979 γύναιον
1419 4908 1498 4980 τῷ
1542 4909 1698 4982 ἀνδρὶ
1721 4907 2003 4971 εὐτάκτως

489 5029 675 5087 δϐειι.
713 5044 796 5093 ιιι,
831 5026 922 5082 if}.
997 5035 1019 5065 ο
1046 5024 1177 5080 Luc.
1211 5041 1249 5090 ι,
1280 5025 1335 5078 6.

2107 4463 2504 4520 praecursorem
2555 4445 2815 4511 sustulit,
2869 4454 2925 4498 et
2973 4446 3113 4499 alius
3157 4442 3403 4498 llcrodes
3451 4443 3553 4498 iste
3598 4444 3694 4511 qui

2111 4540 2511 4611 germinantem
2540 4536 2828 4591 infantium
2869 4536 3094 4591 herbam
3133 4533 3381 4599 messuit,
3424 4549 3547 4588 cum
3577 4533 3697 4602 pie-

2114 4632 2242 4686 tatis
2276 4630 2483 4699 spicam
2529 4628 2619 4697 (ad
2662 4629 2875 4695 necem)
2906 4635 3193 4696 quaereret.
3223 4624 3291 4679 In
3320 4626 3506 4679 diebus
3536 4623 3698 4693 hujus

2114 4722 2343 4776 Herodis
2378 4720 2479 4790 fuit
2522 4721 2769 4773 sacerdos
2805 4719 3020 4787 quidam
3049 4719 3261 4771 nomine
3290 4714 3606 4779 Zacharias,
3647 4727 3696 4771 et

2110 4827 2247 4866 uxor
2278 4809 2393 4879 ejus
2429 4808 2722 4861 Elisabeth.
2772 4807 2945 4860 Erant
2988 4818 3161 4859 autem
3191 4805 3318 4873 justi
3357 4805 3510 4858 ambo
3545 4805 3732 4877 (εοιιη

2109 4901 2329 4958 cordem
2362 4899 2506 4954 enim
2541 4900 2665 4953 vitae
2693 4899 3009 4953 societatem
3039 4912 3162 4952 cum
3195 4897 3312 4950 viro
3343 4895 3538 4951 mulier
3561 4908 3693 4965 age‘

1720 5108 1957 5166 VARUE
2017 5106 2421 5165 LECTIONES.

484 5245 531 5278 ⁸⁵
552 5244 616 5299 C.
648 5242 772 5298 Vat.
810 5242 1054 5309 ἐνέγκαι.
1162 5238 1206 5271 ⁸⁵
1235 5236 1354 5309 vox
1402 5235 1575 5309 ’ᾼμδάμ

413 5318 582 5371 codex
609 5315 728 5383 ejus
751 5313 891 5368 forte
914 5305 1147 5366 addebat
1175 5325 1188 5363 :
1218 5307 1315 5361 καὶ
1339 5307 1648 5376 πρόδρομον
1679 5321 1693 5335 ·
1725 5313 1780 5359 at
1807 5305 1907 5358 abs
1939 5318 2016 5357 re.
2130 5305 2172 5334 "
2206 5305 2385 5357 Attice
2419 5318 2451 5371 p

413 5401 536 5440 seos
567 5386 683 5438 loco
719 5385 968 5443 legimus.
1078 5378 1123 5411 "
1149 5378 1320 5434 Codd.
1349 5378 1506 5431 πόλει
1539 5374 1739 5443 σοφῶς.
1848 5375 1890 5443 ‘_’
1921 5374 1980 5426 Β.
2000 5373 2457 5443 οριιζύποδρόμος

1567 5437 1626 5475 ’ί
1646 5437 1814 5498 Abest
1854 5437 1899 5511 ᾧ
1933 5458 1961 5496 a
2010 5441 2073 5498 C.
2109 5437 2367 5511 Barhfet
2399 5458 2428 5494 a
2479 5442 2600 5497 cod.
2645 5439 2812 5495 Sttrii.

413 5509 578 5579 35in:
652 5523 701 5557 ιι
735 5524 904 5578 Artic.
925 5524 954 5575 ὁ
981 5537 1009 5575 a
1041 5509 1159 5576 vat.
1188 5520 1251 5574 ιλ.
1287 5520 1459 5572 abest.
1535 5514 1584 5547 ἰ
1610 5514 1672 5569 c.
1706 5513 1829 5568 Vat.
1865 5509 2051 5584 χλόην.
2143 5512 2186 5544 ιτ
2216 5511 2278 5566 c.
2316 5509 2441 5566 Val.
2474 5512 2734 5581 ἀστάχυν.

413 5401 536 5440 seos
567 5378 683 5438 loco
719 5385 968 5450 legimus.
1060 5378 1123 5450 7"
1149 5378 1506 5450 Cadmeae)“
1539 5378 1739 5450 σοιρῷς.

413 5454 698 5525 ᾷγγυρανε
776 5448 1118 5525 "Abesth
1148 5448 1269 5525 af}.
1304 5448 1468 5525 βαιὴ.

415 5596 576 5663 gend.
609 5593 725 5664 βίου
760 5592 1070 5648 κοινωνίαν.

1605 5250 1635 5289 a
1659 5234 1847 5289 codice
1875 5233 2023 5288 Surii
2059 5231 2302 5287 abfuisse
2330 5231 2568 5287 videtur.

2679 5229 2724 5261 ¹⁶
2759 5226 2954 5282 Surius
2979 5227 3132 5281 addit
3157 5243 3170 5278 :
3197 5236 3248 5281 et
3275 5242 3692 5295 pra'cursorem;

2130 5304 2172 5334 "
2206 5304 2385 5357 Attice
2419 5318 2518 5371 pro
2538 5299 2693 5371 τέξῃ,
2740 5300 2882 5371 quod
2930 5299 3068 5371 apud
3113 5295 3260 5371 LXX
3296 5298 3475 5371 inboc
3508 5296 3691 5371 Gene-

2583 5372 2629 5402 ¹⁰
2645 5366 2721 5424 ⁷13.
2761 5366 2925 5423 Barb.
2959 5367 3323 5421 ἐκκυϐιστῶν.
3362 5367 3405 5397 ’⁸
3431 5366 3492 5420 C.
3523 5366 3686 5424 Barb.

2645 5439 2791 5469 Ωιι-ιἶῖ
2907 5436 2955 5469 ιι
2991 5437 3146 5469 Alnusl
3196 5440 3241 5469 ei
3290 5437 3346 5469 RL
3382 5438 3473 5469 νηὶ
3509 5453 3535 5469 n
3564 5442 3663 5469 θη]

2907 5437 2955 5469 ’⁸
2981 5437 3153 5492 Abest
3195 5440 3244 5491 εἰ
3289 5437 3347 5490 δὲ
3382 5438 3478 5490 και
3507 5453 3535 5488 a
3564 5442 3687 5492 cod.

2833 5511 2880 5543 ’⁸
2908 5506 2973 5564 C.
3022 5506 3185 5565 Barb.
3236 5506 3350 5578 βίον
3378 5523 3394 5539 ο
3433 5506 3575 5563 forte
3613 5506 3693 5564 le-

1941 5672 2176 5730 NOTE.
2944 5732 2951 5739 .

488 5796 568 5868 (Ξ)
606 5795 724 5853 Non
768 5796 967 5853 divina:
1006 5805 1217 5851 tantum
1269 5793 1638 5850 maternitatis
1669 5790 1889 5855 decore,
1926 5789 2020 5844 sed
2055 5789 2221 5844 etiam
2261 5788 2515 5859 puritatis
2545 5799 2596 5845 et
2633 5787 2943 5845 sanctitatis
2974 5786 3321 5844 excellentia.
