4086 6426
441 287 569 351 Ῑῖἷι
1420 286 1835 351 ANTIPATRI
1874 291 2055 350 BOST

2155 289 2341 349 iNSIS
2374 283 2716 345 EPISCOPI
3582 269 3720 332 1772

444 418 569 457 nent
613 405 677 456 dc
708 416 813 470 qna
842 399 1009 454 Isaias
1041 397 1228 453 multis
1260 407 1386 451 ante
1424 399 1638 453 saeculis
1681 401 2027 468 prophetavit

2161 403 2382 462 Εκείνος
2429 399 2732 461 πιστεύσας
2778 397 2838 449 τὸ
2873 393 3062 465 μεῖξον
3094 391 3331 464 ἐκήρυξε
3360 406 3372 420 ·
3416 392 3484 445 σὺ
3534 392 3615 455 δὲ,
3641 389 3721 459 τῷ

442 493 675 549 dicens:
709 492 843 546 Ecce
886 492 1031 560 virgo
1083 491 1138 544 in
1190 498 1339 543 utero
1375 488 1607 554 habebit,
1650 498 1698 543 et
1742 489 1913 558 pariet
1954 489 2020 556 ﬂ-

2159 493 2373 545 λὰττονι
2427 492 2765 560 ἀπιστήσας,
2796 487 3030 550 εὐθύνας
3070 486 3397 557 εἰσπράττει
3434 499 3528 552 μοι
3550 482 3597 513 ⁵*
3625 481 3723 535 τὸν

443 583 574 638 lium
599 584 662 638 ’ἲ
696 580 787 638 Ille
817 581 979 637 ﬁdem
1008 580 1216 636 habens
1238 620 1253 644 ,
1285 580 1339 634 id
1387 581 1529 648 quod
1574 578 1748 649 majus
1776 589 1859 636 est
1886 595 2027 649 pra:-

2155 582 2424 653 ›ύρανόθεν
2452 580 2835 635 ἀποσταλέντα
2859 579 2995 649 πρὸς
3026 576 3214 641 σὲ,διά
3249 574 3330 629 σέ.
3363 573 3506 627 Ἀλλ’
3530 571 3722 642 ἐπειδή

443 678 683 744 dicavit;
713 686 767 730 tu
803 691 952 741 vero,
990 675 1044 729 in
1078 691 1137 730 re
1172 673 1364 729 leviori
1399 674 1727 738 incredulus,
1758 688 1787 727 a
1831 688 1918 728 me
1943 689 2031 726 ra-

2155 692 2219 727 ςοι
2255 672 2597 742 καταθύμιον
2636 672 2863 742 σημεῖον
2896 669 3084 723 λαϐεῖν
3123 667 3301 739 (τοῦτο
3330 664 3441 736 γὰρ
3486 664 3722 735 ᾔτησας.

448 767 625 820 tiones
664 764 860 835 exigis,
891 765 983 835 qni
1016 765 1083 818 ad
1126 773 1176 818 te
1220 770 1441 832 propter
1486 772 1537 818 te
1569 778 1600 816 e
1628 762 1784 818 caelis
1831 762 2031 817 missus

2155 766 2214 828 ὓς
2244 766 2345 818 οὐκ
2380 763 2593 834 ὤφελες
2621 763 2712 833 εο),
2748 763 2906 832 δέχου
2951 761 3050 830 τὴν
3096 758 3360 828 ἀςωνίαν,
3414 756 3514 825 τῆς
3537 756 3726 808 παιδο-

446 859 597 912 suml
650 855 759 912 Sed
791 856 1046 925 quoniam
1094 855 1189 910 tibi
1241 854 1391 909 cordi
1433 863 1517 909 est
1548 854 1764 924 signum
1814 854 2032 923 aliquod

2155 857 2319 919 τοιξας
2345 856 2602 925 ἐνέχυρον
2620 871 2635 885 ’
2669 852 2770 926 ἔσῃ
2793 852 2964 922 σιγῶν
2992 850 3187 923 μέχρις
3208 849 3276 902 ἂν
3305 848 3433 911 τοὺς
3463 847 3657 915 λόγους
3678 846 3721 878 ⁸⁸

447 948 720 1017 accipere,
747 948 823 1019 (id
847 948 993 1003 enim
1019 947 1246 1017 petiisti,
1270 957 1433 1018 atque
1465 946 1672 1001 utinam
1705 960 1811 999 non
1844 946 2036 1015 petiis-

449 1041 596 1108 scsl)
623 1041 905 1110 gignenth
931 1041 1101 1109 prolis
1143 1042 1336 1110 pignus
1370 1038 1513 1093 habe
1536 1038 1630 1092 tibi
1671 1037 1899 1107 loquelas
1936 1038 2038 1090 im-

453 1130 823 1196 pedimentum
857 1149 870 1185 :
902 1141 1084 1185 nmtns
1136 1131 1270 1195 eris,
1322 1128 1499 1185 donec
1548 1144 1830 1184 sermones
1888 1143 2037 1183 meos

455 1222 597 1277 facta
631 1223 1098 1278 confirmaverint.
1141 1220 1450 1277 Transeant
1479 1236 1509 1275 a
1549 1220 1843 1292 generandi
1874 1234 2037 1290 orga-

458 1319 543 1370 nis
571 1318 637 1370 ad
660 1330 859 1385 organa
890 1316 1035 1368 vocis
1066 1315 1377 1369 sterilitatis
1405 1314 1617 1367 vincula
1646 1332 1658 1368 :
1697 1329 1826 1368 voce
1863 1312 2035 1382 impe-

458 1406 624 1467 ditus,
675 1406 835 1474 gigne
889 1405 1021 1458 mihi
1066 1420 1192 1459 eum
1235 1405 1324 1474 qui
1379 1419 1478 1458 vox
1528 1403 1744 1459 futurus
1795 1413 1900 1459 est.
1961 1403 2038 1457 Illi

458 1497 604 1549 enim
644 1495 741 1550 soli
776 1496 946 1565 patris
982 1508 1267 1566 peccatum
1308 1494 1653 1551 condonabo.
1686 1495 1911 1550 Amicus
1954 1504 2041 1549 est

465 1587 680 1641 Domini
710 1603 724 1641 :
751 1600 1093 1655 quacunque
1143 1586 1278 1651 vult,
1333 1595 1591 1655 tanquam
1632 1583 1846 1638 amicus
1881 1583 2038 1653 petit.

534 1678 671 1734 Vlll.
714 1678 852 1734 Cum
891 1680 1006 1734 haec
1041 1679 1185 1732 intra
1217 1677 1591 1733 sanctuarium
1619 1683 1911 1746 agerentur
1943 1689 2039 1729 seu

2138 946 2364 1020 κυρὼσῃ
2393 949 2462 1001 τὰ
2502 947 2829 1018 πράγματα.
2871 945 2968 998 Ἐκ
3011 943 3123 997 τῶν
3167 940 3506 1011 γεννητικῶν
3544 940 3625 1003 εἰς
3656 937 3727 990 τὰ

2089 1034 2098 1043 ’
2139 1042 2424 1112 φωνητικὰ
2469 1040 2681 1111 ὄργανα
2728 1037 3106 1110 μεταϐαινέτω
3136 1037 3180 1067 ⁶²
3228 1034 3332 1104 τῆς
3379 1030 3727 1104 στειρώσεως

2138 1135 2209 1188 σὰ
2235 1133 2434 1202 δεσμὰ,
2472 1130 2729 1203 πεδηοεὶς
2755 1133 2821 1202 τῇ
2851 1132 3025 1201 φωνῇ,
3062 1127 3323 1197 κυοφόρει
3366 1143 3457 1196 μοι
3486 1123 3585 1195 τὴν
3614 1140 3730 1191 φω-

2140 1225 2238 1294 τήν
2261 1224 2328 1255 ⁶²’
2353 1223 2548 1293 ἐκείνῳ
2577 1223 2686 1293 γὰρ
2712 1222 2859 1291 μόνῳ
2890 1220 3283 1289 παραχωρήσω
3311 1216 3407 1268 τοῦ
3439 1213 3645 1283 πατρὸς
3668 1212 3731 1264 τὸ

2151 1314 2521 1384 παράπτωμα,
2554 1310 2883 1372 Δεσποτικὸς
2918 1309 3073 1380 φίλος
3105 1308 3279 1361 ἐστίν·
3308 1308 3451 1377 ειπερ
3482 1305 3626 1358 θέλει
3660 1306 3731 1369 ⁸⁵⁸,

2143 1407 2220 1470 ὡς
2254 1407 2408 1475 φίλος
2442 1407 2604 1459 αἰτεῖ.

2220 1686 2301 1738 Η’.
2330 1683 2550 1739 Τούτων
2579 1683 2729 1739 ἔνδον
2758 1681 3101 1754 τελουμένων
3128 1682 3162 1751 ἢ
3192 1680 3528 1751 λεγομένων,
3563 1681 3591 1733 ό
3618 1697 3737 1733 και·

463 1771 794 1836 dicerentnr,
837 1778 1116 1838 protracta
1162 1768 1527 1839 (sacerdotis)
1579 1744 1732 1822 mora
1789 1780 2044 1836 magnum

2155 1775 2247 1848 ρὺς
2282 1774 2707 1846 συστελλόμενος
2740 1774 2785 1806 ⁸⁸
2816 1776 2895 1838 είς
2921 1744 3116 1845 θαῦμα
3140 1744 3244 1844 ἦγε
3268 1744 3454 1843 "(etv
3484 1772 3732 1844 πληθύν·

465 1861 799 1916 multitudini
833 1869 1111 1930 stuporem
1141 1860 1382 1926 creabat,
1409 1873 1705 1928 eorumque
1728 1859 1969 1928 suspicio
1994 1858 2049 1913 in

463 1953 647 2007 varias
687 1961 875 2022 partes
906 1950 1172 2005 distracta
1219 1950 1512 2019 unicuique
1546 1951 1725 2004 varias
1772 1950 2054 2018 ingerebat

469 2044 838 2114 conjecturas,
877 2042 1053 2097 donec
1082 2042 1342 2112 prodiens
1368 2042 1664 2098 Zacharias
1703 2041 1924 2097 silentio
1954 2055 2055 2096 suo

469 2137 686 2192 edocuit
709 2152 850 2207 ηυδε,
877 2136 1004 2192 dum
1043 2135 1187 2191 intus
1231 2135 1444 2201 lateret,
1474 2149 1666 2205 passus
1692 2134 1891 2191 fuerat.
1917 2133 2053 2189 Cum

471 2239 655 2285 autem
687 2229 804 2285 dies
839 2230 1127 2283 ministerii
1179 2226 1475 2298 explesset,
1512 2228 1730 2281 domum
1766 2239 1825 2281 se
1858 2235 2054 2281 contu-

470 2326 554 2387 lit,
608 2325 663 2379 in
710 2324 1025 2393 praecordiis
1071 2323 1269 2377 bonum
1314 2321 1587 2385 nuntium,
1624 2320 1677 2374 in
1719 2334 1815 2374 ore
1870 2328 2052 2373 autem

470 2419 685 2473 frenum
723 2400 940 2487 geréns.
995 2415 1061 2469 Et
1098 2417 1198 2469 hoc
1238 2414 1479 2484 quidem,
1533 2414 1576 2468 si
1607 2413 1679 2467 ita
1709 2412 1851 2483 loqui
1881 2411 2051 2475 lubet,

472 2511 687 2566 initium
723 2518 807 2565 est
854 2506 1228 2577 conccptionis
1261 2505 1625 2562 Praecursoris
1656 2521 1670 2559 ε
1706 2504 1864 2574 cujus
1913 2503 2055 2557 nati-

471 2604 695 2658 vitatem
727 2602 1010 2657 celebrare
1050 2599 1095 2655 si
1145 2599 1372 2653 velimus
1397 2637 1413 2661 ,
1448 2611 1675 2653 necesse
1715 2608 1939 2667 prorsus
1974 2603 2057 2648 est

474 2705 533 2747 nt
565 2701 810 2762 cognatae
831 2691 1196 2747 solemnitatis
1223 2689 1553 2745 mentionem
1585 2686 1871 2743 iaciamus.

546 2783 639 2840 ΙΧ.
684 2782 851 2839 Sexto
896 2783 1042 2838 enim
1096 2797 1125 2835 a
1183 2779 1542 2850 conceptione
1572 2778 1798 2835 Joannis
1841 2793 2051 2843 mense,

473 2874 694 2930 Gabriel
731 2875 787 2929 in
824 2874 1017 2929 urbem
1048 2870 1321 2927 Nazareth
1352 2870 1521 2934 venit,
1574 2880 1632 2924 ut
1661 2868 1868 2924 faustas
1898 2883 1927 2921 a
1961 2869 2054 2922 Pa-

478 2976 561 3021 tre
615 2966 1058 3022 annuntiationes
1121 2965 1191 3019 ad
1240 2962 1517 3031 Virginem
1565 2960 1822 3017 deferret.
1882 2959 2054 3027 Quam

476 3074 597 3113 cum
645 3058 789 3115 domi
841 3057 1080 3120 visisset,
1113 3057 1267 3126 prior
1306 3054 1568 3112 salutavit
1611 3053 1887 3125 (dicens):
1922 3053 2050 3117 Ave,
2083 3087 2128 3148 ο

476 3152 648 3223 gratia
697 3150 888 3220 plena,
936 3149 1197 3204 Dominus
1258 3157 1428 3203 tecum
1453 3146 1499 3200 ι.
1550 3146 1702 3212 Ave,
1763 3144 2052 3213 inquiens.

477 3258 597 3312 «μηδι
646 3242 819 3313 prima
861 3249 916 3295 et
951 3241 1064 3295 sola
1098 3240 1248 3309 paris
1289 3237 1554 3293 infantem
1593 3249 1622 3288 a
1674 3234 2060 3289 maledictione

478 3336 730 3389 liberum.
785 3334 920 3395 Ave,
965 3346 1086 3400 quae
1134 3329 1335 3385 mundo
1375 3328 1553 3399 gignis
1596 3326 1862 3394 originem
1913 3326 2058 3379 vitre.

478 3428 610 3490 Ave,
664 3440 783 3494 quae
839 3424 1177 3490 incorrupta,
1226 3420 1324 3475 sed
1371 3434 1476 3474 non
1527 3431 1725 3488 expers
1762 3431 1822 3472 cs
1866 3416 2057 3486 prolis.

479 3518 633 3585 Ave,
690 3530 811 3586 quae
868 3518 1097 3584 innupta
1145 3526 1371 3578 manes,
1437 3511 1533 3567 sed
1583 3524 1689 3565 non
1741 3508 2057 3565 infecunda.

478 3610 614 3673 Ave,
646 3623 767 3679 quae
804 3618 948 3672 satu,
992 3607 1088 3661 sed
1129 3619 1233 3659 non
1271 3603 1453 3660 fructu
1487 3619 1667 3660 cares.
1715 3603 1850 3671 Ave,
1897 3618 2059 3673 quam

480 3701 819 3756 acerbissimi
860 3698 1078 3755 dolores
1126 3705 1367 3762 manent,
1413 3705 1469 3752 et
1512 3705 1702 3766 partus
1735 3705 1912 3750 tamen
1964 3697 2063 3751 do-

480 3797 623 3850 lores
668 3792 900 3848 nescies.
958 3791 1091 3854 Ave,
1146 3804 1268 3860 qua:
1313 3791 1493 3857 primo
1543 3799 1634 3844 tuo
1678 3789 1887 3859 parenti
1933 3788 2064 3844 Adae

479 3886 821 3942 defensorem
850 3880 1085 3953 profers.
1112 3882 1246 3946 Ave,
1274 3895 1395 3949 quae
1421 3880 1541 3935 sine
1570 3879 1895 3935 lassitudine
1919 3881 2065 3950 geris

483 3981 646 4034 tntius
681 3987 879 4032 creata:
923 3983 1129 4030 natura:
1165 3972 1599 4028 fundamentum.
1649 3972 1784 4036 Ave,
1823 3986 1943 4040 quae
1981 3970 2065 4025 [οη

478 4072 583 4126 cile
639 4067 966 4125 humanitati
1028 4066 1314 4121 mediatrix
1374 4066 1687 4121 intercedis.
1742 4064 1891 4129 Ave,
1945 4078 2066 4131 qua:

480 4157 648 4211 Dettm
681 4156 773 4211 sed
801 4170 907 4211 non
934 4154 1159 4218 nudum,
1187 4165 1242 4209 et
1270 4155 1542 4209 hominem
1583 4154 1676 4209 sed
1713 4168 1818 4207 non
1851 4168 2062 4207 merum

484 4249 759 4303 hominem
793 4246 964 4317 paris.
994 4245 1120 4313 Ave,
1155 4246 1328 4316 gratia
1362 4246 1537 4313 plena,
1585 4244 1843 4299 Dominus
1869 4256 2060 4297 tecum.

552 4337 622 4392 Χ.
663 4337 756 4391 Illa
786 4351 915 4392 vero
948 4338 1053 4392 etsi
1101 4337 1355 4408 gaudium
1385 4335 1623 4392 nuntiari
1666 4335 1906 4399 audiret,
1954 4349 2061 4388 non

482 4429 690 4484 arrexit
730 4443 914 4492 aures,
950 4426 1045 4483 sed
1087 4442 1393 4484 sermonem
1441 4427 1831 4495 perpendebat,
1875 4441 2058 4481 secum

480 4522 734 4591 inquiens
761 4540 776 4577 :
804 4520 995 4587 Qualis
1038 4530 1115 4575 est
1161 4522 1264 4575 ista
1297 4518 1643 4574 salutatio“?
1672 4518 1805 4585 Quis
1839 4519 1943 4573 iste
1982 4530 2064 4574 est

481 4617 702 4688 (inquit)
737 4617 827 4685 qui
856 4631 964 4672 non
1000 4625 1221 4671 vocatus
1252 4622 1494 4669 nostram
1526 4616 1805 4682 ingressus
1852 4624 1937 4668 est
1968 4615 2065 4667 do-

484 4707 833 4762 munculatn?
895 4723 1001 4762 non
1052 4706 1378 4770 familiaris,
1437 4720 1541 4759 non
1594 4716 1892 4775 cognatus,
1955 4722 2060 4761 nun

483 4814 650 4868 genus
676 4800 882 4854 ducens
913 4798 979 4854 ab
1007 4798 1253 4862 Adamo;
1298 4813 1362 4851 ex
1410 4797 1525 4866 ipsa
1552 4797 1729 4854 forma
1780 4798 1830 4852 id
1867 4812 2057 4867 arguo.

551 4955 696 5011 'lsa.
731 4970 829 5022 vn,
865 4955 951 5010 Η.
1036 4959 1052 4991 ί
1080 4954 1209 5008 Luc.
1243 4969 1281 5015 ι,
1310 4952 1400 5007 28.
1502 4961 1524 4991 π
1556 4954 1663 5007 ibid
1716 4954 1806 5007 ‘29.

2151 1867 2268 1938 ἥτε
2295 1868 2338 1899 ⁸⁷
2369 1867 2596 1921 ὑπόνοια
2644 1868 2725 1931 εἰς
2777 1865 2948 1920 πολλὰ
3002 1864 3363 1937 μεριζομένη,
3414 1865 3632 1936 ἑκάστῳ
3677 1864 3738 1918 τὺ

2152 1957 2344 2013 δοκοῦν
2385 1958 2736 2031 ύπηγόρευσε
2763 1958 2830 2025 ⁸⁸,
2883 1958 3079 2030 μέχρις
3109 1951 3171 2012 οὗ
3207 1957 3489 2028 Ζαχαρίας
3523 1958 3739 2026 φανεὶς,

2153 2050 2359 2117 ἐδίδαξε
2395 2050 2563 2121 σιγῶν
2592 2049 2628 2105 ἀ
2656 2050 2892 2105 πέπονθε
2912 2050 3113 2105 λαθών.
3153 2050 3268 2113 Τὰς
3292 2049 3348 2103 δὲ
3371 2053 3473 2121 τῆς
3500 2050 3739 2123 λειτουρ-

2154 2143 2280 2213 γίας
2301 2142 2519 2214 ἡμέρας
2540 2142 2796 2209 ἀποδοὺς,
2821 2142 3068 2214 ἀπῆλθεν
3095 2143 3143 2175 ⁸⁸
3170 2142 3356 2196 οἴκαδε
3376 2142 3517 2213 ἔχων
3542 2145 3601 2196 ὲν
3627 2145 3740 2207 τοῖς

2159 2234 2489 2304 σπλάγχνοις
2524 2232 2585 2286 τὸ
2615 2234 2960 2302 εὐαγγέλιον,
2998 2235 3096 2287 καὶ
3128 2234 3185 2286 ὲν
3222 2231 3303 2304 τῷ
3333 2233 3562 2302 στόματι
3584 2233 3738 2303 χαλι-

2156 2325 2266 2380 νόν.
2298 2324 2411 2379 Καὶ
2438 2324 2580 2395 αὕτη
2612 2324 2732 2395 μὲν,
2768 2325 2844 2389 ὡς
2874 2325 2939 2379 ἂν
2966 2326 3113 2379 εῐποι
3134 2326 3183 2357 ⁷⁸
3208 2342 3313 2391 τις,
3350 2325 3451 2396 τῆς
3478 2324 3573 2378 τοῦ
3601 2324 3737 2394 [lpo-

2156 2416 2361 2489 δρόμου
2406 2416 2721 2487 συλλήψεως
2763 2418 2795 2488 ή
2824 2419 2997 2489 ἀρχή·
3022 2410 3084 2472 οὗ
3112 2416 3203 2470 τὸν
3236 2416 3394 2470 τόκον
3449 2417 3740 2488 κηρύττειν

2159 2507 2447 2572 ἐθέλοντας
2472 2508 2542 2574 τι,
2570 2508 2785 2579 ἀνάγκη
2819 2508 2971 2562 πᾶσα
3001 2506 3100 2578 τῆς
3127 2506 3373 2577 γείτονος
3402 2507 3599 2579 ἑορτῆς
3624 2509 3739 2561 ἐπι-

2161 2596 2491 2669 μνησθῆναι.

2228 2785 2308 2839 Θ¹.
2334 2784 2521 2856 Ἐκτῳ
2549 2784 2658 2855 γὰρ
2691 2783 2821 2855 μηνὶ
2843 2783 2945 2853 τῆς
2970 2782 3290 2854 συλλήψεως
3318 2784 3385 2854 τῇ
3415 2781 3674 2855 Ναζαρὲτ
3705 2787 3750 2819 ⁷³

2160 2878 2475 2950 ἐπεδήμησε
2504 2876 2748 2950 Γαὸριὴλ
2774 2875 3037 2948 Παρθένῳ
3065 2875 3307 2947 κομίξων
3340 2876 3557 2947 Πατρὸς
3588 2877 3742 2945 εύαγο

2160 2969 2317 3039 γέλια
2334 2986 2347 2999 ·
2377 2970 2443 3041 ἢν
2468 2971 2559 3024 ὲιτιςἱ
2581 2969 2732 3023 οἴκου
2757 2968 3114 3039 θεασάμενος,
3146 2967 3425 3038 ἠσπάζετο
3448 2969 3717 3040 πρότερος
3733 2985 3745 3000 ·

2162 3060 2358 3129 Χαῖρε,
2396 3061 2858 3131 κεχαριτωμένη,
2885 3063 2918 3114 ό
2949 3061 3166 3128 Κύριος
3195 3061 3347 3131 μετὰ
3377 3060 3517 3117 σοῦ.
3551 3063 3747 3132 Χαῖρε,

2163 3149 2338 3218 λέγων
2358 3192 2373 3217 ,
2416 3152 2450 3221 ὴ
2475 3149 2668 3221 πρώτη
2709 3150 2803 3203 καὶ
2831 3152 2967 3223 μόνη
3000 3153 3046 3184 ’³
3085 3152 3348 3206 τίκτουσα
3389 3150 3588 3221 βρέφος
3620 3170 3745 3206 κατ-

2163 3242 2303 3315 άρας
2324 3241 2629 3313 ἐλεύθερον.
2656 3243 2851 3313 Χαῖρε,
2878 3245 2912 3314 ἡ
2935 3245 3126 3314 κόσμῳ
3149 3243 3398 3312 γεννῶσα
3416 3243 3564 3312 ζωῆς
3583 3244 3746 3314 ἀφορ-

2168 3333 2297 3406 μήν.
2325 3334 2522 3404 Χαῖρε,
2560 3335 2593 3402 ἡ
2629 3333 2892 3404 ἂφθορος,
2921 3333 3038 3387 ἀλλ’
3071 3335 3170 3387 οὐκ
3209 3332 3458 3397 ἄτεκνος.
3491 3335 3747 3406 Χαῖρε,ή

2166 3427 2401 3496 ἄγαμος,
2434 3425 2548 3478 ἀλλ’
2576 3425 2678 3478 οὐκ
2712 3426 2904 3494 ἄγονος
2933 3428 2999 3481 ⁷⁸.
3038 3427 3234 3498 Χαῖρε,
3269 3427 3302 3496 ή
3336 3427 3601 3498 ἄσπορος,
3634 3427 3748 3480 ἀλλ’

2167 3520 2269 3572 οὐκ
2293 3517 2571 3588 ἄκαρπος.
2614 3517 2808 3589 Χαῖρε,
2841 3519 2873 3588 ή
2913 3516 3108 3581 ὀδύνας
3132 3518 3179 3549 ⁷³
3215 3519 3590 3588 ἀναμένουσα,
3627 3519 3747 3571 ὡδῖ·

2167 3627 2265 3674 νας
2287 3609 2386 3663 οὐκ
2424 3609 2642 3678 ἔχουσα.
2682 3609 2877 3680 Χαῖρε,
2909 3611 2942 3679 ή
2992 3607 3071 3679 τῷ
3110 3609 3188 3679 σῷ
3229 3611 3540 3681 προπάτορι
3582 3610 3746 3681 Ἀδὰμ

2167 3700 2484 3771 προστάτην
2523 3701 2788 3771 φέρουσα.
2819 3701 3016 3769 Χαῖρε,
3056 3702 3089 3771 ἠ
3136 3701 3361 3764 ἀκόπως
3406 3701 3755 3771 βαστάζουσα

2165 3793 2267 3864 τῆς
2317 3792 2550 3856 κτίσεως
2582 3792 2672 3845 τὸν
2715 3788 2988 3863 θεμέλιον.
3031 3794 3222 3864 Χαῖρε,
3252 3796 3285 3864 ή
3334 3793 3551 3858 ἀπόνως
3600 3811 3748 3864 μεσι-

2166 3880 2397 3936 τεύουσα
2445 3883 2511 3953 τῇ
2563 3879 2876 3952 θνητότητι.
2909 3881 3106 3951 Χαῖρε,
3143 3880 3176 3952 ή
3217 3880 3479 3934 τίκτουσα
3529 3880 3660 3933 Θεὸν
3691 3880 3749 3933 ού

2166 3974 2396 4045 γυμνὸν,
2441 3975 2536 4027 καὶ
2578 3961 2866 4043 ἄνθρωπον
2894 3971 2954 4025 ού
2995 3972 3170 4042 ψιλόν.
3208 3970 3408 4041 Χαῖρε,
3438 3988 3749 4043 κεχαριτωο

2166 4065 2339 4135 μένη,
2366 4069 2399 4121 ό
2428 4066 2646 4135 Κύριος
2668 4066 2820 4137 μετὰ
2850 4065 2989 4120 σοῦ.

2241 4345 2296 4398 ι’.
2346 4344 2410 4397 Ἦ
2431 4343 2487 4396 δὲ
2519 4342 2696 4414 χαράν
2718 4341 3023 4405 ἀκούσασα,
3055 4342 3153 4411 οὐχ
3182 4342 3407 4412 ἦπλωσε
3434 4342 3533 4411 τὴν
3560 4340 3754 4413 ἀκοὴν,

2095 4466 2142 4525 D
2168 4435 2285 4489 ἀλλ’
2337 4435 2635 4489 ἐϐασάνισε
2682 4435 2782 4507 τὴν
2824 4436 3045 4505 φωνήν”
3083 4435 3381 4502 Ποταπός.
3427 4434 3686 4504 λέγουσα,
3722 4444 3758 4496 δ

2171 4526 2497 4596 ἀσπασμὸς
2532 4522 2747 4593 οὗτος;
2796 4527 2855 4581 Ὀ
2900 4525 3232 4599 αὐτόκλητος
3263 4527 3309 4559 ⁷⁸
3343 4529 3422 4590 εἰς
3463 4526 3526 4579 τὸ
3567 4526 3753 4597 δωμά-

2169 4635 2283 4672 τιον
2313 4619 2472 4690 ήμῶν
2498 4617 2780 4683 εἰσελθὼν,
2811 4617 2927 4683 Τίς,
2961 4619 3148 4689 φησὶν,
3180 4612 3335 4682 οὗτος
3360 4637 3374 4684 ;
3398 4619 3457 4672 οὖ
3489 4619 3754 4690 συνήθης,

2167 4709 2229 4763 οὐ
2260 4709 2552 4780 συγγενὴς,
2584 4709 2684 4762 οὐκ
2720 4709 2891 4780 Ἀδὰμ
2938 4709 3205 4779 ἀπόγονος
3227 4727 3239 4739 ·
3289 4709 3663 4782 τεκμαίρομαι
3687 4714 3755 4783 τῇ

2172 4802 2357 4873 μορφῇ
2385 4801 2429 4831 ⁷⁷
2452 4797 2603 4864 dig."
2639 4798 2790 4866 ξένος
2817 4803 2846 4855 ὁ
2872 4800 3164 4872 ἀσπασμός
3184 4818 3199 4834 ·
3227 4800 3289 4854 οὐ
3329 4803 3596 4873 πάρεστιν
3637 4802 3754 4856 Ἰω-

1767 5107 1850 5164 VA
1866 5107 2002 5165 [ll/13
2041 5107 2442 5172 LECTIONES.

552 5230 599 5263 ⁸⁹
628 5229 961 5299 Εἰσπράττει
994 5227 1161 5284 Attic.
1192 5240 1290 5299 pro
1323 5224 1630 5299 εἰσπράττῃ
1656 5240 1689 5299 -_
1709 5241 1802 5299 μοι
1837 5232 2021 5299 autem
2061 5226 2149 5299 vel!
2184 5230 2490 5286 redundare
2541 5227 2775 5299 videtur,
2803 5226 2888 5283 vel
2941 5226 3227 5299 legendum

800 5299 841 5369 si
868 5299 931 5355 ρ,
958 5299 1120 5369 nam.
1149 5294 1396 5369 χρόνους,
1458 5294 1469 5299 ’
1491 5299 1536 5330 ⁸³
1568 5294 1819 5369 C._Barb.
1845 5294 2252 5369 μεταϐαλλέτω,

1627 5361 1863 5438 ⁶⁶μΑρμιιιί
1886 5366 2010 5438 Nic.
2036 5361 2174 5438 ἦγον
2202 5368 2309 5433 ἔξω
2331 5361 2615 5424 ἑστῶσάν.’
2675 5361 2809 5423 ⁶⁷’(].
2843 5366 3004 5438 Barb.
3033 5363 3153 5438 ἦτε.
3218 5367 3262 5398 ⁸⁸
3283 5366 3349 5438 C.
3375 5365 3500 5424 Vat.

486 5434 711 5509 pauaev.
747 5434 901 5509 Apud
941 5439 1069 5509 Nic.
1096 5434 1442 5509 ὑπηγόρεὺε.
1472 5507 1483 5509 _
1520 5437 1566 5509 ξ’
1681 5435 1840 5489 Barb.
1874 5434 2110 5509 ἀπῆλθε.
2156 5506 2165 5509 _
2198 5439 2246 5471 ⁷⁰
2273 5439 2334 5496 C.
2364 5442 2525 5494 Bari).
2559 5440 2708 5509 εἴπῃ.

481 5299 695 5369 δφελες.

481 5367 629 5442 θέλῃ.
710 5367 1089 5442 "_Apud_Nic.
1119 5367 1550 5442 ςιταρελκόμενοςἰ

3457 5227 3504 5261 ⁸⁸
3532 5226 3596 5283 C.
3626 5225 3752 5286 Vat.

2364 5231 2490 5286 dare
2541 5227 2775 5294 videtur,
2803 5226 2888 5283 vel
2941 5226 3227 5296 legendum
3262 5226 3356 5351 με.
3457 5227 3504 5261 ⁸⁸
3532 5226 3596 5283 C.
3626 5226 3750 5286 Vat.

2364 5302 2410 5333 ε’
2436 5300 2549 5383 Τὴν
2592 5297 2787 5383 (mihi;
2809 5299 2964 5383 abest
2990 5297 3112 5383 ορ.
3152 5297 3262 5383 Ba.
3286 5336 3323 5383 λ
3375 5297 3473 5383 ῂθξ
3497 5297 3564 5383 (3ἱ
3587 5296 3750 5383 Bari).

3542 5368 3752 5489 232833:

2788 5439 2830 5470 "
2866 5435 2930 5491 G.
2967 5435 3083 5508 Vat3
3119 5439 3167 5489 εὶ
3213 5437 3508 5508 κηρύττειν
3552 5435 3757 5508 ἐθέλοι-

486 5496 606 5577 μεν.
657 5508 737 5580 ᾉτί
772 5496 837 5566 (ξ.
871 5508 1032 5564 Barb.
1061 5496 1346 5579 Ναζάρήτ.
1441 5507 1487 5539 ⁷³
1518 5506 1577 5561 C.
1606 5506 1725 5580 Vat.
1757 5508 1938 5580 χαῖρε,
2056 5506 2250 5580 πρώτη
2294 5511 2388 5564 καὶ
2427 5509 2584 5580 μόνη,
2618 5496 2812 5577 λέγων.
2891 5508 2937 5540 ⁷⁸
2968 5506 3201 5580 C.Ba_rb
3258 5496 3343 5562 hic
3368 5511 3565 5572 repetit
3623 5506 3754 5561 ἄτε-

484 5574 631 5641 κνος.
650 5577 847 5635 Sui-ius
880 5595 1004 5635 vero
1027 5581 1166 5635 hanc
1185 5574 1468 5649 pericopen
1503 5578 1715 5646 penitus
1746 5574 1945 5649 omisit.
1970 5574 2026 5649 In
2051 5574 2336 5649 propatulo
2362 5574 2841 5649 an'tum'cansacst
2869 5577 3203 5640 omissionis,
3235 5593 3336 5649 vox
3367 5593 3559 5645 nempe
3587 5580 3751 5649 χαῖρε

483 5649 683 5718 smpins
705 5651 951 5718 repetita.
1016 5650 1062 5682 ⁷⁸
1094 5649 1156 5704 C.
1190 5646 1313 5703 Vat.
1342 5646 1561 5718 ὠδῖνας,
1586 5646 1960 5718 etsecundnm
1988 5646 2444 5718 lianc_lectioncm
2477 5648 2695 5714 Snrins,
2715 5648 2836 5712 Ave,
2854 5664 2970 5718 qua:
2994 5658 3180 5718 partus
3198 5647 3426 5718 __dolcr€s
3452 5646 3748 5718 exspectas,

482 5714 574 5789 qui
600 5727 646 5771 to
686 5714 903 5776 minimc
937 5722 1204 5777 invadent.
1281 5718 1328 5751 ⁷⁸
1356 5718 1415 5773 C.
1448 5717 1569 5771 Vat.
1601 5714 1967 5788 αὑτοκλήτως.

2046 5717 2089 5748 ⁷⁷
2122 5716 2185 5773 C.
2222 5719 2340 5775 Vat.
2375 5722 2549 5791 φωνῇ.
2628 5720 2672 5752 ⁷⁸
2698 5715 2871 5776 Abest
2925 5717 3001 5782 ὡς
3039 5733 3067 5772 a
3095 5717 3158 5772 C.
3194 5715 3357 5773 B.rb.
