4086 6408
320 318 453 381 1773

1143 315 1471 377 HOMILIA
1510 317 1593 377 IN
1624 317 1684 378 S.
1725 316 2079 379 ΙΟΑΝΝΕΜ
2110 320 2557 396 BAPTISTAM,
2590 322 2749 384 ETC.

3449 325 3586 390 177i

317 435 426 503 σήφ
447 446 461 460 ο
506 429 606 484 οὐκ
640 427 926 498 ἀπάγομαι
957 428 1023 497 τῇ
1051 428 1203 497 φωνῇ
1232 443 1246 457 ο
1278 424 1415 496 μόνῃ
1448 425 1578 496 7&9.
1616 426 1691 490 ὣς
1739 442 1896 495 φασι,

2007 427 2177 494 Quam
2204 443 2341 483 nova
2383 429 2498 484 hare
2520 430 2816 485 salutatio!
2863 428 2980 485 Non
3016 430 3172 487 adest
3203 430 3437 502 Joscplt;
3465 451 3588 491 ver-

315 521 610 591 λελάληκεν
629 519 658 573 ό
686 518 993 589 ἀρχέκακος
1019 519 1085 588 τῇ
1122 515 1558 587 πρωτοπλάστῳ.

372 798 454 863 ,⁸0
492 796 552 851 δὲ
582 795 812 865 ἄγγελος
839 796 978 870 πρὸς
1012 796 1216 865 αὑτήν·
1248 794 1346 864 Μὴ
1382 793 1593 863 φοϐοῦ,
1625 792 1893 862 Μαριὰμο

313 888 492 962 χάριν
536 887 649 959 γὰρ
688 884 884 956 εὗρες,
910 889 979 960 ἢν
1026 886 1314 942 ἀπώλεσεν
1348 887 1383 957 η
1439 885 1895 957 πρωτόπλαστοςο

314 980 500 1049 ἐκείνη
540 979 677 1051 μόνη
724 979 824 1051 τὴν
866 980 1082 1049 ἀπάτην
1134 978 1376 1044 ἐδέξατο,
1408 978 1474 1031 σὺ
1505 978 1563 1031 δὲ
1618 978 1755 1048 μόνη
1794 977 1897 1048 τῆς

314 1072 536 1142 ἀπάτης
565 1071 664 1143 τὴν
692 1071 847 1125 λύσιν
875 1071 1164 1141 ἐκόμισας.
1210 1070 1405 1136 Τέξεις
1438 1068 1591 1134 υἱὸν,
1626 1067 1724 1124 καί
1755 1067 1895 1122 τοῦδ

312 1180 421 1216 τον
448 1163 732 1229 καλέσεις
758 1164 807 1195 ⁷⁸
854 1162 1118 1231 Ἰησοῦν.

398 1347 464 1400 Ἦ
503 1345 559 1400 δὲ
603 1344 762 1399 τόκον
798 1345 1084 1401 ἀκούσασα
1114 1347 1211 1400 καὶ
1244 1346 1358 1401 υιὺν
1382 1346 1454 1413 ⁸⁸,
1487 1348 1640 1414 Πῶς,
1689 1347 1897 1417 ἔλεγεν,

313 1436 486 1491 ἔσται
516 1453 619 1505 μοι
658 1435 856 1503 τοῦτο,
907 1436 1037 1491 ἐπεὶ
1085 1436 1276 1506 ἄνδρα
1315 1439 1388 1493 οὑ
1435 1438 1755 1508 τινώσκω;
1783 1440 1900 1494 Οὐκ

318 1527 702 1596 ἀντιλέγουσα,
745 1528 883 1582 ἀλλά
922 1528 1068 1583 κατὰ
1104 1529 1300 1584 πεῦσιν
1336 1530 1689 1601 μανθάνουσα
1712 1547 1727 1561 ο
1766 1530 1899 1597 Πῶς

315 1619 487 1673 ἔσται
506 1636 609 1687 μοι
633 1619 850 1682 τοῦτο;
896 1619 1058 1688 Ἐγὼ,
1095 1621 1251 1693 φησὶ,
1292 1622 1429 1693 μόνη
1453 1621 1552 1693 τὴν
1582 1622 1746 1692 φύσιν
1779 1640 1902 1679 και-

317 1712 562 1782 vomitu);
602 1712 721 1764 Ἐπ’
759 1713 887 1784 ἐμοὶ
942 1712 1272 1785 λυθήσονται
1308 1714 1411 1785 τῆς
1447 1716 1796 1786 τεκνογονίας
1842 1718 1903 1772 αἱ

2006 521 2089 577 bis
2121 535 2206 576 me
2236 522 2429 578 abduci
2456 523 2600 578 haud
2637 525 2939 579 committo.
2976 522 3215 580 Primam
3248 541 3276 579 a
3315 524 3425 582 Deo
3453 542 3587 583 con-

2005 610 2173 667 ditam
2199 613 2510 679 mulierem,
2543 623 2602 669 ut
2632 626 2876 681 narrant,
2923 631 3047 672 cum
3100 616 3213 672 sola
3245 628 3410 683 esset,
3455 619 3589 675 allo-

2007 713 2164 760 cntus
2198 715 2281 762 est
2312 707 2522 777 primus
2547 707 2813 762 malorum
2841 717 3055 764 auctor.

2075 800 2314 871 Angelus
2344 814 2473 856 vero
2503 799 2569 854 ad
2622 814 2741 854 eam
2771 817 2785 854 :
2817 798 2900 854 Ne
2939 801 3146 869 timeas,
3181 799 3404 869 Maria;
3442 802 3590 857 inve-

2006 892 2132 947 nisti
2176 892 2553 964 gratiam'(4)
2583 907 2747 962 quam
2793 893 3028 963 perdidit
3073 909 3195 964 quae
3225 895 3400 963 primo
3450 911 3587 951 con-

2006 985 2118 1040 dita
2147 994 2250 1042 est.
2287 984 2428 1056 Ipsa,
2471 1000 2594 1040 cum
2628 985 2742 1041 sola
2784 994 2953 1053 esset,
2987 986 3367 1057 deceptionem
3409 988 3586 1043 admi-

2006 1076 2112 1145 sit;
2144 1086 2204 1131 tu
2236 1090 2382 1140 vero,
2412 1076 2537 1131 dum
2577 1076 2691 1131 sola
2735 1092 2944 1143 manes,
2978 1077 3317 1148 deceptionis
3359 1080 3589 1136 solutio-

2008 1183 2129 1222 nem
2178 1168 2460 1224 obtinuisti
2505 1166 2740 1223 :Paries
2795 1168 3016 1238 ﬁlium,
3074 1179 3121 1224 et
3182 1170 3319 1228 hunc
3377 1170 3590 1225 vocabis

2012 1260 2186 1313 Iesum
2208 1267 2257 1314 ι.

2079 1349 2198 1419 Ipsa
2237 1361 2417 1406 autem
2446 1365 2570 1406 cum
2610 1359 2827 1420 partum
2868 1351 3082 1407 audiret
3116 1359 3171 1406 et
3218 1350 3413 1417 illium,
3443 1350 3592 1418 Quo-

2006 1440 2184 1504 modo,
2220 1441 2396 1510 inquit
2417 1449 2471 1509 1,
2502 1443 2600 1497 erit
2649 1444 2747 1496 hoc
2784 1441 2934 1507 mihi,
2980 1443 3234 1513 quoniam
3269 1448 3438 1497 uirum
3486 1458 3592 1497 non

2008 1534 2304 1605 cognosco?
2332 1533 2450 1589 Non
2482 1545 2543 1589 ut
2572 1533 2995 1601 contradiceret,
3033 1532 3131 1588 sed
3164 1541 3221 1586 ut
3254 1533 3591 1588 sciscitando

2008 1628 2330 1682 edoceretur
2384 1626 2710 1697 (respondit)
2753 1643 2767 1680 :
2805 1625 3080 1692 Quomodo
3131 1627 3231 1680 erit
3277 1626 3373 1679 hoc
3421 1627 3594 1681 mihi?

2008 1700 2216 1787 Egone,
2250 1717 2457 1789 inquit;
2497 1718 2610 1773 sola
2648 1725 2856 1773 natura:
2899 1716 3045 1787 leges
3088 1717 3324 1772 innoon
3357 1716 3494 1771 Num
3535 1717 3593 1773 in

314 1805 590 1876 ἀφορμαί;
640 1805 783 1874 Λέγε
820 1823 932 1877 μοι,
968 1806 1110 1873 ξένε,
1162 1805 1256 1862 τὸν
1305 1808 1548 1878 τρόπον*
1595 1808 1747 1873 ξένον
1791 1808 1901 1879 γάρ

2007 1820 2093 1866 me
2137 1809 2436 1865 liberorum
2477 1809 2880 1880 procreationis
2931 1815 3253 1864 evertentur
3304 1806 3593 1864 rationes?

319 1913 414 1951 σου
441 1898 503 1950 τὸ
535 1898 881 1967 εὐαγγέλιον.

386 2080 494 2135 IA'.
546 2079 793 2149 Πνεῦμα
838 2079 1034 2150 ἅγιον,
1082 2080 1285 2153 ἔφησεν
1329 2083 1357 2135 ό
1394 2080 1638 2154 Γαϐριὴλ
1665 2083 1734 2145 ⁸⁸,
1795 2083 1872 2137 ἐπ

313 2173 631 2227 exsucata:
653 2173 751 2226 ἐπὶ
776 2171 872 2240 σὲ,
903 2173 1003 2227 καί
1019 2172 1274 2243 δύναμις
1295 2174 1594 2242 Ὑψίστου
1618 2174 1898 2229 ἐπισκιά-

314 2280 413 2320 σει
454 2279 574 2319 σοι.
608 2264 801 2335 Δέχου,
829 2265 986 2335 φησὶ,
1028 2264 1296 2337 Παρθένε,
1339 2264 1403 2320 τὸ
1443 2265 1658 2336 λεχθὲν,
1699 2266 1796 2320 καὶ
1829 2265 1906 2337 μὴ

316 2355 770 2427 πολυπραγμόνει
810 2356 872 2411 τὸ
902 2358 1159 2428 σιγηθέν·
1205 2357 1284 2429 τῷ
1313 2358 1460 2430 τόκῳ
1505 2358 1790 2430 μαρτυρῶ,
1824 2357 1905 2428 τῷ

315 2448 506 2520 τρόπῳ
544 2448 862 2521 παραχωρῶ
893 2449 960 2503 ⁸³.
994 2449 1264 2518 Ἀγγελος
1291 2450 1423 2521 γὰρ,
1471 2451 1534 2504 οὐ
1584 2449 1907 2513 διδάσκαλός

315 2557 401 2595 σοι
433 2542 534 2612 τῆς
578 2542 893 2612 οἰκονομίας
922 2542 1191 2613 ἐλήλυθα·
1233 2542 1415 2613 κῆρυξ
1455 2542 1772 2612 ἀπεστάλην
1807 2543 1907 2614 τῆς

315 2632 662 2703 Δεσποτικῆς
696 2634 1016 2706 ἐπιδημίας,
1049 2636 1149 2705 οὐχ
1179 2636 1480 2708 ἑρμηνεύς.

384 2896 520 2964 Πῶς
538 2897 710 2953 ἔσται
736 2899 998 2967 τοῦτο⁸³;
1030 2900 1090 2954 τὸ
1110 2899 1228 2964 πῶς
1253 2894 1397 2954 οἶδεν
1419 2898 1584 2963 αὐτὸς
1610 2900 1639 2954 ό
1669 2897 1861 2971 παρών
1884 2914 1898 2929 ⁸

313 2990 397 3043 ὅτι
431 2991 532 3059 μὲν
570 2991 680 3063 γὰρ
708 2991 995 3063 πάρεστιν,
1027 2991 1366 3059 ἐπίσταμαιο
1406 2990 1663 3062 προπηδᾷ
1705 2992 1815 3062 γὰρ
1848 2993 1907 3045 ὲν

315 3079 403 3133 σοὶ
440 3079 502 3133 τὸ
540 3080 753 3135 ἔνδοθεν
780 3083 1081 3154 τεκμήριον
1103 3101 1115 3115 ·
1154 3082 1244 3137 τὸν
1270 3082 1328 3136 δὲ
1375 3081 1578 3153 τρόπον
1608 3081 1809 3150 λέγειν,
1842 3083 1906 3136 οὐ

2004 1900 2228 1970 Expone
2253 1900 2405 1966 mihi,
2438 1900 2750 1972 peregrine,
2787 1898 3001 1955 modum
3031 1917 3045 1953 :
3077 1900 3422 1971 peregrinum
3445 1901 3592 1955 enim

2005 1998 2108 2057 est,
2141 1989 2287 2060 quod
2316 1987 2501 2053 aﬂers,
2533 1990 2808 2044 nuntium.

2077 2078 2167 2134 XI.
2208 2077 2444 2149 Spiritus
2497 2088 2738 2145 sanctus,
2771 2079 2848 2133 ait
2874 2077 3099 2135 Gabriel
3126 2119 3142 2143 ,
3180 2080 3510 2148 superveniet
3538 2081 3595 2135 in

2007 2182 2075 2239 te,
2101 2181 2149 2227 et
2182 2172 2346 2226 virtus
2366 2170 2630 2225 Altissimi
2653 2169 2986 2225 obumbrobit
3010 2170 3105 2223 tibi
3127 2178 3174 2224 ³.
3194 2169 3365 2235 Tene,
3390 2172 3590 2242 inquit,

2004 2278 2038 2318 ο
2073 2262 2256 2334 Virgo,
2282 2264 2428 2332 quod
2460 2261 2665 2317 dictum
2713 2268 2835 2329 est;
2868 2271 2923 2317 et
2949 2275 3019 2316 ne
3048 2261 3127 2317 sis
3165 2261 3398 2317 sollicita
3429 2264 3497 2318 de
3526 2277 3594 2318 co

2006 2356 2150 2426 quod
2178 2356 2401 2411 silentio
2423 2353 2694 2410 occultum
2721 2362 2928 2409 manet.
2963 2353 3183 2410 Certum
3226 2354 3294 2410 de
3320 2362 3478 2424 partu
3506 2362 3591 2410 te-

2006 2448 2323 2504 stimonium
2373 2446 2526 2514 iero;
2594 2448 2813 2502 modum
2860 2448 3096 2515 docere,
3155 2445 3260 2503 hoc
3307 2446 3594 2505 facultates

2006 2553 2157 2594 meas
2191 2536 2427 2593 excedit.
2466 2534 2705 2592 Nuntius
2745 2537 2892 2592 enim
2935 2537 3185 2608 mysticae
3223 2538 3592 2608 dispensatio-

2008 2631 2092 2684 nis
2131 2629 2197 2683 ad
2243 2636 2298 2684 te
2325 2628 2471 2696 veni,
2513 2642 2624 2707 non
2665 2626 2909 2695 ejusdem
2939 2628 3250 2698 interpres:
3280 2629 3480 2685 missus
3512 2631 3589 2685 fui

2009 2728 2069 2775 ut
2090 2719 2435 2774 Dominicum
2469 2718 2882 2775 manifestarem
2909 2720 3237 2789 jadventum,
3280 2734 3388 2775 non
3423 2730 3484 2777 ut
3515 2736 3596 2776 ra-

2011 2811 2212 2866 tionem
2244 2811 2599 2880 explicarem.

2080 2902 2359 2968 Quomodo
2397 2901 2625 2974 (inquis)
2655 2902 2753 2957 hoc
2784 2904 2926 2958 erit?
2971 2904 3265 2971 quomodo,
3296 2906 3445 2959 novit
3474 2906 3595 2975 ipse

2009 2994 2101 3063 qui
2131 2993 2323 3061 adest;
2365 2995 2565 3048 adesse
2594 2994 2743 3049 enim
2777 3007 2904 3049 eum
2947 2993 3093 3059 scio;
3122 3008 3246 3048 nam
3284 3001 3495 3049 certum
3539 2996 3592 3051 in

2012 3096 2065 3140 te
2110 3086 2324 3155 signum
2355 3085 2425 3141 ab
2467 3085 2770 3141 intrinseco
2801 3099 2861 3141 se
2901 3085 3089 3156 prodit
3117 3104 3131 3140 :
3162 3095 3218 3140 at
3251 3088 3469 3142 modum
3501 3088 3594 3144 di-

311 3167 573 3241 δύναμαι.
606 3172 730 3225 Ὅτι
758 3171 815 3225 δὲ
842 3172 903 3225 οὐ
924 3172 1251 3243 ψευδολόγος
1282 3171 1417 3240 ἐγὼ,
1451 3171 1738 3227 Ἐλισάΰετ
1767 3189 1906 3243 μαρ-

2009 3192 2137 3233 cere
2167 3177 2219 3232 in
2247 3192 2367 3232 mea
2396 3192 2501 3234 non
2524 3187 2611 3233 est
2634 3185 2925 3249 potestate.
2958 3176 3113 3245 Quod
3140 3193 3270 3233 vero
3308 3178 3442 3233 falsa
3483 3194 3594 3236 non

311 3263 545 3333 τυρήσει
594 3280 708 3330 μοι,
758 3265 816 3318 ὲν
849 3264 1142 3337 στειρώσει
1187 3265 1286 3320 καὶ
1322 3266 1474 3336 γήρᾳ
1499 3263 1595 3320 τοῦ
1646 3267 1705 3320 ὲν
1739 3265 1824 3318 σοὶ
1856 3263 1903 3297 ⁸⁸

314 3354 664 3423 κυοφοροῦσα
696 3355 788 3410 τὸν
821 3357 1160 3429 Πρόδρομον.
1199 3358 1259 3410 Ei
1284 3357 1343 3411 δὲ
1377 3358 1438 3410 ἐν
1489 3354 1777 3427 στειρώσει
1808 3355 1905 3409 καὶ

313 3446 467 3518 γήρᾳ
487 3448 815 3520 κυοφόρον¹¹⁸
832 3450 1056 3520 εἴρηκα,
1075 3451 1137 3503 οὐ
1155 3450 1356 3520 μικρὸν
1378 3448 1441 3502 τὸ
1467 3449 1747 3519 ἐνέχυρον.
1761 3448 1905 3502 Στει-

318 3555 417 3610 ρας
438 3541 547 3611 γὰρ
582 3540 940 3614 πρεσϐύτιδος
974 3541 1070 3596 καὶ
1093 3539 1367 3613 παρθένου
1413 3541 1472 3605 ὲς
1504 3541 1567 3594 τὸ
1592 3542 1776 3595 τεκεῖν
1805 3541 1903 3611 μέ-

228 3625 233 3630 ’
317 3647 411 3685 σον
438 3633 611 3688 οὐδέν.

388 3911 488 3968 lB'.
516 3913 702 3969 Ταῦτα
725 3915 760 3985 ἡ
790 3912 1069 3986 Παρθένος
1098 3911 1403 3977 ἀκούσασα,
1439 3910 1710 3984 Ζαχαρίου
1764 3928 1898 3965 κατ-

315 4004 479 4058 έλαϐε
505 4006 567 4058 τὸ
584 4005 881 4076 δωμάτιον,
897 4006 994 4059 καὶ¹
1015 4006 1115 4076 τὴν
1131 4003 1417 4058 Ἐλισάσετ
1438 4002 1678 4076 εὑροῦσα
1700 4003 1900 4074 κυοφό·

315 4113 434 4168 ρον,
483 4096 781 4165 ἠσπάζετο.
827 4097 1016 4170 Μαρία
1068 4096 1169 4168 τὴν
1206 4095 1494 4151 Ἐλισάσετ
1543 4095 1824 4165 ἠσπάζετο
1851 4095 1900 4128 ⁸⁸

313 4188 412 4243 καὶ
442 4189 503 4242 τὸ
538 4188 739 4260 βρέφος
776 4188 986 4243 ἔνδοθεν
1017 4188 1355 4260 ἀπεκρίνατο
1374 4204 1389 4220 ·
1422 4187 1499 4260 τῷ
1530 4189 1639 4259 γὰρ
1669 4187 1898 4259 ὲμὸρύῳ

313 4285 540 4355 γέγονεν
569 4287 708 4358 ἀκοὴ
737 4289 769 4358 ἡ
801 4288 900 4358 τῆς
927 4288 1136 4360 μητρὸς
1175 4289 1312 4358 ἀκοή
1337 4304 1353 4320 ·
1390 4287 1486 4341 καὶ
1519 4289 1820 4358 ἐπειδήπερ
1851 4288 1897 4321 ⁸⁷

314 4378 532 4447 φύσεως
578 4380 726 4451 ὅροις
763 4380 1022 4450 Ἰωάννης
1064 4380 1354 4451 εἱργμένος
1400 4380 1502 4434 οὐκ
1545 4379 1696 4451 ἴσχυε
1726 4378 1773 4412 ⁸⁸
1798 4379 1897 4434 λα-

313 4466 449 4530 λεῖν,
478 4469 769 4540 ἀλλόμενος
802 4470 956 4540 ἔλεγε
989 4473 1056 4542 τῇ
1081 4470 1261 4541 οἰκείᾳ
1289 4470 1460 4541 μητρὶ
1483 4470 1570 4524 διὰ
1595 4471 1702 4524 τῶν
1738 4489 1894 4543 σκιρ-

2013 3271 2243 3342 loquar,
2291 3271 2662 3327 testimonium
2709 3271 2842 3327 mihi
2888 3271 3026 3327 iet-et
3062 3270 3383 3338 Elisabetlt,
3434 3288 3592 3344 quae,

2011 3363 2213 3419 sterilis
2243 3362 2370 3419 licet
2399 3371 2456 3419 et
2478 3378 2671 3432 senex,
2704 3364 2872 3431 illius,
2905 3364 3001 3435 qui
3029 3366 3082 3419 in
3117 3372 3170 3420 te
3206 3373 3312 3432 est,
3346 3364 3597 3421 Praecur-

2008 3465 2189 3505 sorem
2218 3461 2420 3522 gestat.
2450 3450 2608 3519 Quod
2638 3453 2682 3509 si
2713 3454 3001 3510 habentem
3037 3454 3090 3509 in
3116 3462 3270 3509 utero
3296 3457 3596 3512 memoravi

2010 3542 2252 3598 sterilem
2287 3553 2342 3598 et
2385 3553 2791 3608 senescentem,
2829 3543 2942 3613 jam
2974 3543 3118 3598 haud
3158 3543 3294 3599 levis
3331 3545 3596 3600 momenti

2008 3634 2207 3704 pignus
2249 3634 2438 3690 habes.
2486 3635 2641 3702 Quod
2688 3636 2836 3690 enim
2888 3634 2957 3689 ad
3002 3634 3330 3704 gignendum
3373 3637 3592 3703 attinet,

2009 3723 2146 3779 nihil
2185 3737 2218 3779 ι
2248 3723 2423 3781 sterili
2449 3739 2555 3779 anu
2586 3737 2650 3779 ea
2680 3723 2898 3778 demunt
2927 3722 3113 3787 distat,
3141 3736 3264 3793 qua:
3292 3723 3445 3795 virgo
3471 3738 3595 3781 esse

2006 3826 2344 3887 perseveret.

2082 3907 2194 3963 XII.
2236 3908 2363 3964 Haec
2390 3924 2513 3964 cum
2545 3906 2713 3978 Virgo
2756 3908 3044 3975 audiisset,
3076 3910 3145 3966 ad
3194 3907 3475 3966 Zachariae
3502 3910 3594 3966 do-

2008 4000 2317 4056 munculam
2355 4015 2415 4056 se
2443 4001 2695 4065 contulit,
2727 4015 2968 4071 cumque
3005 3999 3278 4057 Elisabeth
3305 4015 3590 4072 praegnan-

2009 4102 2114 4148 tem
2161 4092 2474 4162 reperisset,
2510 4106 2632 4148 eam
2676 4091 2955 4148 salutavit.
2982 4092 3154 4148 Maria
3199 4092 3456 4149 salutavit
3481 4092 3592 4148 Eli-

2006 4186 2314 4251 sabelltam,
2363 4193 2422 4240 et
2466 4184 2650 4241 infans
2699 4184 3032 4241 intrinsecus
3074 4185 3378 4253 respondit.
3424 4186 3591 4241 Auris

2005 4277 2160 4333 Τωιυί
2186 4276 2402 4332 exstitit
2432 4276 2624 4332 matris
2653 4277 2835 4343 auris;
2867 4285 2921 4332 et
2970 4277 3229 4347 quoniam
3281 4287 3491 4332 naturae
3526 4279 3592 4332 ii-

2007 4372 2168 4427 nibus
2208 4371 2541 4427 constrictus
2568 4368 2802 4426 Joannes
2832 4370 3015 4442 lingua
3058 4374 3138 4425 uti
3183 4386 3290 4426 non
3338 4381 3581 4441 poterat,

2007 4465 2222 4520 locutus
2244 4475 2350 4532 est,
2387 4473 2617 4520 matrem
2644 4463 2861 4533 quidem
2894 4464 3168 4534 propriam
3205 4478 3302 4534 per
3345 4465 3591 4520 saltatio-

311 4560 575 4630 τημάτων
606 4561 999 4633 φθεγγόμενος,
1026 4564 1095 4633 τῇ
1117 4561 1173 4615 δὲ
1204 4561 1299 4615 τοῦ
1323 4561 1582 4633 Σωτῆρος
1617 4561 1786 4633 μητρὶ
1810 4561 1900 4615 διὰ

2007 4571 2102 4613 nes
2141 4555 2359 4621 aﬂ‘atus,
2408 4556 2710 4612 Salvatoris
2764 4571 2894 4611 vero
2940 4557 3101 4612 matri
3144 4572 3244 4627 per
3285 4566 3586 4613 maternam

311 4651 417 4723 τῆς
448 4654 727 4723 μητρικῆς
757 4651 1014 4721 γλώσσης
1044 4652 1504 4722 ἀποκρινόμενος.

387 4744 501 4798 Οὐκ
525 4744 799 4814 ἐνέγκασα
828 4744 885 4798 δὲ
916 4744 949 4814 ἡ
984 4743 1268 4798 Ἐλισάϐετ
1292 4744 1363 4797 τὰ
1393 4742 1488 4797 τοῦ
1518 4742 1710 4798 τέκνου
1746 4761 1900 4815 σκιρ-

311 4836 557 4908 τήματα,
607 4835 930 4907 Πνεύματος
972 4835 1132 4905 ἀγίου
1185 4834 1493 4905 πλησθεῖσα
1548 4834 1894 4905 ἀνεφώνησε,

312 4926 549 4997 λέγουσα
574 4931 642 5000 τῇ
676 4928 969 4999 Παρθένῳ·
999 4924 1395 4997 Εὐλογημένη
1427 4924 1510 4980 σὺ
1535 4925 1607 4979 ἐν
1630 4926 1897 4995 γυναιξί,

315 5020 416 5075 καί
436 5020 843 5091 εὐλογημένος
876 5022 909 5074 ὀ
930 5019 1161 5088 καρπὸς
1198 5017 1312 5087 τῆς
1345 5017 1581 5084 κοιλίας
1626 5034 1767 5076 σου.
1800 5019 1898 5082 Σὺ,

389 5123 413 5153 ν
433 5113 568 5170 Luc.
593 5131 632 5182 ι,
660 5114 751 5171 so.
827 5127 856 5156 ι
878 5114 1009 5173 ibid.
1047 5113 1137 5169 δι.
1214 5120 1246 5160 γ
1267 5112 1399 5168 ibid.
1430 5112 1520 5167 δι.

1602 5121 1625 5149 ³
1652 5112 1788 5168 ibid.
1861 5111 1956 5168 55.

1998 4648 2242 4717 linguam
2269 4649 2626 4720 respondens.

2074 4741 2212 4798 Cum
2254 4752 2435 4797 autem
2480 4741 2757 4798 Elisabeth
2802 4741 2895 4797 ﬁlii
2935 4742 3258 4799 saltationes
3298 4742 3409 4813 jam
3443 4741 3590 4798 ferre

2009 4849 2114 4888 non
2147 4842 2352 4902 posset,
2402 4832 2609 4900 repleta
2640 4833 2851 4903 Spiritu
2900 4843 3093 4890 sancto
3130 4834 3476 4899 exclamavit,
3509 4835 3593 4890 di-

2008 4938 2135 4977 cens
2170 4941 2184 4976 :
2215 4921 2503 4976 Benedicta
2550 4934 2607 4977 tu
2659 4925 2716 4978 in
2774 4924 3127 4991 mulieribus,
3181 4934 3231 4979 et
3283 4923 3589 4979 benedictus

2009 5016 2217 5087 [ructus
2268 5015 2464 5069 centris
2513 5015 2660 5069 luis.
2712 5015 2814 5083 Tu,
2867 5016 3063 5086 inquit,
3118 5015 3425 5082 benedicta,
3472 5031 3592 5086 quae

2028 5120 2049 5141 '
2086 5109 2219 5164 ibid.
2250 5108 2344 5164 ιε.

1590 5208 1828 5264 νΑΒιΑε
1863 5205 2269 5264 LECTIONES.

387 5310 433 5342 "
460 5310 521 5364 C.
547 5307 672 5363 Val.
706 5306 959 5368 καλέσεις
980 5304 1188 5359 τοῦτον.
1266 5306 1311 5338 ⁸⁸
1337 5304 1538 5368 Verba,
1583 5306 1649 5358 Ἥ
1682 5305 1739 5358 δὲ
1776 5304 1937 5356 τόκον
1978 5301 2263 5356 ἀκούσασα
2300 5299 2392 5352 καὶ
2419 5298 2554 5360 υἱόν,
2586 5312 2615 5351 a
2645 5297 2708 5354 C.
2740 5297 2900 5351 Barb.
2945 5300 3163 5354 absunt.

3242 5297 3285 5328 ⁸¹
3318 5297 3528 5353 Absunt
3555 5314 3588 5353 a

312 5379 379 5433 C.
405 5379 564 5435 Bari).
603 5378 788 5441 verba,
812 5367 1056 5447 Ἔφησεν
1083 5378 1111 5429 ὁ
1132 5375 1396 5447 Γαῦριήλ.
1439 5375 1486 5447 δέ
1510 5367 1643 5431 Cod.
1671 5373 1832 5447 Bari).
1858 5376 2046 5447 τρόπω
2068 5369 2404 5447 παραχωρῷ,
2446 5370 2492 5401 ⁸⁸
2511 5371 2731 5447 Αιιςειέι
2845 5367 2966 5424 Vat.
3005 5367 3589 5447 incisuanhtIig-Eorat

313 5450 506 5516 τοῦτος
583 5448 630 5480 ⁸⁵
663 5437 831 5501 Voces
864 5437 958 5500 τοῦ
987 5449 1044 5499 ἐν
1080 5447 1162 5499 σοὶ
1195 5462 1223 5499 a
1250 5437 1434 5501 codice
1460 5437 2179 5516 Sttriiiabfuisse'videntur.
2339 5437 2561 5516 {uesta
2673 5440 3156 5516 Bat'b:_xuoc9699\i.
3195 5438 3283 5516 _“
3303 5437 3587 5516 Pericope,

314 5507 506 5591 Μαρία
522 5519 619 5591 τὴν
637 5517 918 5572 Ἐλισάϐετ
943 5516 1239 5584 ᾖσπάζετο,
1269 5517 1424 5574 abest
1448 5532 1476 5571 a
1500 5516 1561 5572 C.
1593 5515 1713 5571 Vat.
1742 5525 1793 5572 ct
1812 5532 1840 5569 ιι
1866 5516 2117 5569 versione
2144 5513 2312 5570 Surii.
2368 5513 2410 5543 ⁸⁷
2428 5511 2489 5565 C.
2514 5509 2674 5565 Barb.
2697 5507 3005 5581 ὲπηδήπερ.
3043 5507 3092 5543 ³⁸
3111 5509 3173 5568 C.
3191 5509 3353 5564 Bat'b.
3378 5507 3585 5579 ἴσχυσε,

1830 5602 2063 5659 NOTAE.

391 5708 465 5775 (ii
503 5705 743 5761 Gratiam
778 5704 985 5761 scilicet
1014 5703 1355 5773 oniginalcm.
