4086 6400
337 410 474 478 ῙΠἸ
1098 408 1430 475 HOMILIA
1470 406 1553 467 IN
1584 406 1687 466 SS.
1732 407 1934 466 DEIP:I

2035 406 2083 464 Ἐ
2118 406 2841 469 ANNUNTIATIONEM.
3274 444 3279 451 ο
3473 400 3609 463 Πῑδ

335 541 424 588 at;
453 523 487 594 ἡ
524 522 649 593 περὶ
682 520 777 576 τοῦ
806 521 1124 593 Προδρόμου
1152 539 1165 553 ·
1196 522 1323 591 άγει
1348 522 1404 575 δὲ
1434 521 1530 575 νῦν
1558 522 1707 592 ἡμᾶς
1738 522 1765 573 6
1792 521 1927 592 U96-

2035 521 2121 587 sit,
2158 536 2280 590 qua:
2330 521 2473 577 circa
2523 521 2924 576 Praecursorem
2977 523 3263 582 versatur;
3300 531 3442 569 nunc
3477 529 3609 569 vero

331 615 535 682 δρομος
590 610 673 673 είς
729 610 820 663 τὸν
869 610 1297 681 κηρυττόμενον.
1348 610 1410 663 Ei
1459 610 1518 663 δὲ
1566 609 1835 681 εὔφρανεν
1887 610 1921 680 ἡ

2035 612 2340 667 Praecursor
2378 614 2596 668 adeum
2639 626 2800 681 quem
2845 609 3180 678 praedicavit,
3217 622 3318 662 nos
3364 606 3603 661 adducit.

343 704 591 773 γέννησις
636 703 732 757 τοῦ
778 704 1118 776 Προδρόμου,
1145 706 1472 775 εὐφρανάτω
1512 704 1670 758 πλέον
1712 705 1857 775 ἡμᾶς
1889 704 1922 774 ὴ

2035 706 2218 771 Porro,
2251 706 2299 761 si
2341 706 2520 760 fausta
2556 706 2733 760 illuxit
2756 704 3115 760 l’reecursoris
3140 703 3415 764 nativitas,
3440 701 3609 756 multo

340 798 592 866 γέννησις
612 796 706 850 τοῦ
738 796 918 850 κοινοῦ
945 797 1217 867 Σωτῆρος.
1263 798 1500 859 Ἐκεῖνος
1529 797 1629 868 μὲν
1658 796 1768 867 γὰρ
1799 813 1925 867 προ-

2035 800 2199 867 magis
2243 814 2380 867 opus
2428 808 2512 853 cst
2547 806 2599 851 ut
2646 794 2754 852 'nos
2801 796 3058 850 nativilas
3112 794 3415 849 Salvator-is
3454 807 3609 848 com-

340 888 576 960 έδραμεν
603 889 766 959 μόνον
795 891 873 953 είς
905 889 966 943 τὸ
993 888 1229 960 κηρῦξαι
1256 906 1270 920 ·
1300 884 1457 953 οὗτος
1478 891 1534 943 δὲ
1559 889 1819 961 ἐλήλυθεν
1844 891 1925 952 εἰς

334 980 399 1033 τὸ
435 980 630 1033 σῶσαι.
663 981 774 1032 Καὶ
803 979 892 1033 διὰ
936 980 1173 1050 Χριστὸν
1218 980 1471 1051 Ἰωάννης
1493 998 1505 1011 ·
1541 981 1569 1033 6
1600 980 1658 1035 δὲ
1688 981 1924 1052 Χριστὸς

328 1069 401 1125 οὐ
419 1069 509 1125 διὰ
559 1069 839 1141 Ἰωάννην,
871 1069 1012 1124 ἀλλὰ
1042 1071 1133 1125 διὰ
1153 1071 1244 1135 τὸν
1268 1071 1511 1127 Πατέρα.

411 1338 484 1394 B'.
523 1338 808 1409 Ἔλθωμεν
828 1338 1010 1394 τοίνυν
1032 1340 1114 1404 εἰς
1138 1339 1236 1412 τὴν
1259 1338 1522 1413 ἐξήγησιν
1551 1341 1663 1395 τῶν
1689 1343 1924 1410 εὐαγγε·

344 1431 508 1484 λικῶν
537 1431 823 1502 ῥημάτων.
860 1432 919 1485 '0
959 1431 1069 1502 γὰρ
1095 1432 1260 1496 αὐτὸς
1297 1433 1635 1504 ἀρχάγγελος
1667 1434 1924 1502 διακονεῖ,

344 1524 437 1578 καὶ
471 1525 719 1579 Ἰωάννου
746 1527 1092 1597 γεννωμένου
1122 1528 1137 1558 ³
1168 1528 1263 1580 καὶ
1288 1527 1383 1580 τοῦ
1411 1526 1663 1600 Σωτῆρος
1689 1529 1929 1599 συλλαμ-

341 1614 669 1686 ϐανομένου.
710 1616 860 1669 Ἑκεῖ
887 1617 987 1687 μὲν
1024 1612 1117 1671 οὖν
1149 1619 1370 1689 στείρας
1411 1620 1439 1672 6
1470 1619 1607 1691 ἀνὴρ
1641 1619 1926 1691 εὐαγγελί-

344 1703 494 1769 ζεται
516 1720 530 1735 ⁶
561 1706 801 1760 ὲνταῦοα
831 1707 891 1761 δὲ
939 1708 1214 1780 Παρθένος
1261 1689 1594 1765 διδάσκεται.
1626 1689 1930 1771 ,Ἀποστέλ-

344 1803 490 1850 λεται
538 1797 671 1865 γοῦν
696 1799 725 1850 6
755 1800 1101 1871 ἀρχάγγελος
1141 1801 1242 1854 οὐκ
1275 1800 1358 1853 ἔτι
1406 1803 1487 1865 είς
1530 1802 1683 1866 ναὸν,
1714 1804 1790 1866 ὡς
1840 1803 1932 1856 ἐπὶ

352 1881 623 1951 Ἰωάννου,
654 1886 772 1938 ἀλλ’
800 1870 897 1941 ἐπὶ
937 1888 1032 1943 τὸν
1064 1888 1310 1960 ἔμψυχον
1342 1891 1468 1943 ναὸν
1499 1891 1599 1962 τὴν
1630 1891 1925 1963 Παρθένον.
1964 1870 2002 1924 Β

351 1974 501 2028 Ἐκεῖ
549 1979 826 2048 Ζαχαρίας
873 1980 901 2033 6
951 1983 1133 2052 ἱερεὺς
1189 1982 1439 2053 εἰσῆλθεν
1490 1982 1787 2052 θυμιᾶσαι,
1835 1984 1930 2039 καὶ

344 2067 575 2134 ἤκουσεν
604 2070 729 2134 τοὺς
750 2071 972 2136 εὐώδεις
987 2073 1179 2140 λόγους
1206 2075 1332 2139 τοὺς
1364 2075 1516 2146 παρᾶ
1538 2076 1632 2129 τοῦ
1656 2076 1931 2147 ἀρχαγγέο

343 2167 455 2212 λου·
473 2160 708 2214 ἐνταῦθα
720 2163 776 2215 δὲ
791 2165 891 2217 οὐκ
908 2164 988 2218 ἔτι
1007 2165 1151 2228 ναὸς,
1168 2165 1303 2219 ἀλλὰ
1321 2166 1446 2228 ναὸς
1463 2168 1496 2237 ἡ
1515 2166 1931 2239 Παρθένος.ούκ

343 2249 566 2321 ερχεται
595 2254 626 2307 6
652 2254 886 2323 ἄγγελος
919 2257 1058 2327 πρὸς
1100 2258 1191 2312 τὸν
1220 2258 1520 2330 ἀρχιερέα·
1549 2259 1667 2313 ἀλλ’
1710 2259 1930 2330 ἔρχεται

345 2345 479 2413 πρὸς
497 2344 598 2415 τὴν
627 2345 922 2403 τίκτουσαν
944 2349 1037 2404 τὸν
1061 2350 1315 2420 οὐράνιον
1338 2351 1622 2424 ἀρχιερέα.
1658 2352 1810 2407 Ἐκεῖ
1836 2350 1931 2425 ἧλ-

343 2430 432 2485 θεν
454 2434 481 2485 6
500 2434 847 2505 ἀρχάγγελος
882 2439 940 2491 ὲν
961 2439 1138 2510 καιρῷ
1162 2439 1505 2510 λειτουργίας
1526 2455 1539 2470 ⁸
1569 2441 1809 2496 ἐνταῦθα
1830 2443 1932 2497 οὐκ

336 2531 400 2577 εν
447 2527 626 2598 καιρῷ
683 2528 1068 2599 λειτουργίας·
1102 2531 1332 2602 ἔμελλεν
1374 2532 1486 2604 γὰρ
1530 2534 1559 2585 6
1610 2536 1933 2606 τικτόμενος

346 2618 536 2671 παύειν
560 2620 659 2689 τὴν
685 2619 1006 2692 σωματικὴν
1027 2620 1305 2692 λατρείαν.
1325 2623 1474 2676 Ἐκεῖ
1504 2622 1724 2695 ἔρχεται
1742 2628 1769 2678 6
1790 2626 1930 2696 ἀρχ-

343 2707 574 2776 άγγελος
606 2710 745 2780 πρὸς
792 2710 887 2764 τὸν
935 2712 1149 2782 πατέρα
1170 2730 1184 2744 ο
1228 2711 1466 2765 ἐνταῦθα
1487 2712 1545 2765 δὲ
1583 2713 1684 2766 οὐκ
1712 2712 1932 2785 ἔρχεται

346 2800 482 2871 πρὸς
512 2800 604 2855 τὸν
636 2802 711 2873 μὴ
742 2804 1033 2874 γενόμενον
1060 2805 1277 2875 πατέρα
1311 2804 1537 2876 Ἰωσὴφ,
1571 2805 1685 2859 ἀλλ’
1710 2806 1932 2878 ἔρχεται

342 2892 485 2963 πρὸς
508 2895 610 2963 τὴν
638 2895 916 2965 Παρθένον
954 2896 1051 2966 τὴν
1083 2896 1385 2968 γενομένην
1416 2898 1545 2951 άνευ
1578 2899 1790 2970 πατρὸς
1821 2919 1930 2972 μη-

349 2983 499 3053 τέρα.
548 2983 697 3037 Ἑκεῖ
726 2980 794 3056 ἦν
833 2985 1118 3039 Ἐλισάὸετ
1145 2986 1241 3039 καὶ
1270 2985 1580 3057 Ζαχαρίας·
1610 2988 1847 3043 ἐνταῦθα
1874 2990 1929 3044 δὲ

344 3075 481 3148 μόνη
511 3076 723 3148 Μαρία.
760 3074 870 3131 Ἦν
902 3078 1010 3149 γὰρ
1040 3080 1070 3132 6
1110 3078 1310 3151 Ἰωσὴφ
1352 3079 1429 3143 ὡς
1465 3079 1715 3153 μνηστὴρ
1748 3081 1891 3154 ἀνήρ
1913 3098 1929 3114 ο

2029 889 2207 942 munis
2246 889 2537 942 exhilaret.
2573 887 2670 942 Ille
2703 887 2848 941 enim
2888 886 3271 942 tantummodo,
3296 883 3608 955 praecurrit,

2029 992 2085 1035 ut
2124 982 2268 1035 hunc
2298 980 2683 1046 aununtiaret;
2714 981 2804 1034 hic
2843 995 2971 1035 vero
3014 989 3071 1033 ut
3098 979 3326 1033 salutem
3358 974 3597 1036 atl'erret,

2028 1073 2270 1128 advenit.
2322 1071 2389 1126 Et
2447 1070 2686 1127 Joannes
2737 1071 2956 1140 quidem
3012 1076 3236 1139 pmpter
3278 1066 3606 1122 Christum:

2028 1166 2280 1221 Christus
2315 1180 2466 1232 vero,
2513 1180 2618 1221 non
2660 1173 2884 1235 prepter
2913 1160 3204 1227 Joannem,
3244 1158 3340 1215 sed
3389 1168 3610 1227 propter

2030 1257 2263 1312 Patrem.
3496 1270 3525 1287 ν

2099 1348 2163 1403 11.
2206 1349 2500 1405 Veniamus
2528 1348 2711 1418 itaque
2743 1345 2808 1399 ad
2839 1345 3277 1416 evangelirorum
3320 1341 3608 1403 verborum

2030 1443 2491 1511 explanationem.
2530 1441 2707 1508 Atque
2741 1438 2881 1492 idem
2923 1453 3053 1491 sane
3084 1433 3449 1503 archangelus
3486 1432 3609 1485 luu-

2031 1530 2176 1598 gitur
2226 1528 2461 1583 ministri
2515 1540 2740 1581 munere
2801 1534 2914 1579 tum
2957 1525 3009 1578 in
3060 1523 3315 1577 natalitio
3362 1518 3609 1580 Joannis.

2034 1630 2145 1674 tum
2184 1620 2236 1674 in
2270 1619 2576 1675 Servatoris
2607 1616 2979 1689 conceptione.
3016 1614 3134 1669 Illic
3166 1614 3330 1684 igitur
3361 1610 3609 1666 nuntium

2033 1713 2151 1768 viro
2183 1712 2387 1767 sterilis
2415 1711 2603 1766 uxoris
2640 1711 2921 1775 defertur;
2959 1708 3048 1762 hic
3112 1721 3243 1761 vero
3272 1718 3361 1758 res
3402 1700 3610 1770 Virgini

2033 1805 2296 1874 aperitur.
2332 1803 2540 1858 Idcirco
2563 1800 2925 1870 arcltangelus
2967 1814 3070 1853 non
3096 1796 3303 1867 jamad
3324 1793 3610 1861 templum,

2033 1896 2491 1967 quemadmodum
2532 1911 2655 1951 cum
2714 1895 2780 1949 de
2824 1892 3033 1948 Joanne
3078 1891 3377 1959 agebatur,
3405 1884 3500 1939 sed
3546 1883 3614 1941 ad

2034 1991 2293 2059 templum
2332 1992 2654 2055 animatum,
2697 1992 2764 2044 ad
2791 1988 3066 2059 Virginem
3107 2000 3322 2056 nempe,
3359 1983 3612 2038 mittitur.

2033 2083 2107 2139 lbi
2155 2083 2452 2141 Zacharias
2500 2085 2760 2138 sacerdos
2809 2081 2876 2135 ad
2933 2082 3235 2151 thymiama
3287 2074 3612 2131 adolcndum

2035 2176 2310 2245 ingressus
2356 2183 2462 2240 est,
2502 2182 2557 2229 et
2599 2172 2668 2228 ab
2713 2171 3044 2242 archangelo
3087 2184 3282 2225 suaves
3330 2181 3615 2223 sermones

2034 2269 2239 2322 audivit
2266 2286 2279 2322 :
2306 2268 2394 2323 hic
2431 2281 2560 2321 vero
2603 2280 2707 2319 non
2735 2266 2844 2335 jam
2901 2261 3156 2332 templum
3192 2260 3369 2315 oculis
3419 2256 3615 2327 objici-

2037 2369 2146 2424 tur,
2175 2360 2268 2413 sed
2297 2356 2555 2428 templum
2582 2356 2658 2428 (5)
2700 2357 2815 2425 ipsa
2856 2362 2942 2407 est
2972 2352 3155 2419 Virgo.
3201 2348 3322 2405 Non
3366 2349 3430 2401 ad
3464 2362 3615 2401 sum-

2035 2468 2183 2507 mum
2220 2451 2368 2505 illum
2408 2449 2748 2504 sacerdotem
2774 2444 3002 2516 angelus
3046 2444 3225 2507 venit,
3256 2441 3361 2496 sed.
3387 2441 3469 2492 ad.
3492 2453 3613 2491 eam

2035 2544 2231 2614 pergit,
2269 2557 2391 2612 qua:
2434 2540 2712 2595 caelestem
2752 2553 3024 2593 summum
3067 2535 3417 2591 Sacerumem
3453 2544 3618 2599 getia-

2036 2647 2142 2691 rat.
2182 2635 2258 2690 lbi
2305 2633 2669 2703 arcltangelus
2704 2632 2855 2684 venit
2920 2639 3160 2698 tempore
3197 2624 3487 2687 sacriﬁcii;
3530 2623 3619 2677 hic

2035 2740 2217 2787 autem
2271 2744 2378 2784 non
2428 2735 2657 2796 apparet
2701 2728 2834 2780 hora
2878 2722 3161 2788 sacrificii,
3220 2720 3478 2791 quoniam
3523 2718 3617 2784 qui

2036 2821 2389 2888 nascebatur,
2416 2818 2584 2873 cultui
2635 2817 2711 2871 illi
2753 2814 3021 2871 materiali
3061 2813 3223 2867 ﬁnem
3260 2811 3621 2879 ineptis-iturus

2034 2924 2170 2970 erat.
2204 2912 2282 2967 Ibi
2316 2910 2682 2978 archangelus
2713 2923 2773 2963 se
2806 2906 3020 2962 confert
3046 2906 3112 2959 ad
3166 2903 3496 2974 genitorem;
3531 2900 3620 2953 hic

2035 3021 2163 3060 vero
2195 3019 2300 3059 non
2341 3017 2400 3058 se
2443 3001 2682 3070 Joseplto
2716 3000 2886 3065 sistit,
2917 2998 3120 3068 quippe
3158 2994 3249 3064 qui
3303 2993 3620 3048 nullatenus

2035 3102 2188 3162 pater
2227 3091 2351 3154 fuit,
2376 3090 2471 3145 sed
2502 3089 2774 3159 Virginem
2800 3089 2936 3151 adit,
2968 3102 3088 3154 qua:
3126 3092 3340 3139 semoto
3370 3081 3621 3151 genitore

343 3164 461 3239 εἶχε
488 3169 546 3223 δὲ
574 3170 675 3241 τὴν
706 3170 977 3243 παρθένον
1027 3171 1319 3241 παρθένον.
1353 3173 1469 3225 Οὐκ
1501 3171 1722 3245 ἔρχεται
1752 3174 1930 3228 τοίνυν

2037 3195 2211 3239 mater
2250 3182 2443 3238 evasit.
2481 3181 2559 3237 lbi
2593 3181 2767 3235 locum
2803 3180 3042 3234 habuere
3092 3178 3365 3233 Elisaheth
3422 3186 3477 3229 et
3518 3171 3620 3227 Za‘

345 3263 486 3333 πρὸς
533 3264 699 3316 αὑτὸν
746 3267 775 3318 6
821 3264 1191 3335 άρχάγγελος’
1225 3265 1341 3319 ἀλλ’
1375 3266 1600 3338 ἔρχεται
1648 3269 1788 3338 πρὸς
1832 3268 1931 3341 τὴν

346 3354 646 3425 Παρθένον.

2037 3277 2255 3332 cbarias
2284 3294 2299 3331 :
2331 3277 2418 3331 hic
2450 3290 2580 3330 vero
2614 3273 2726 3328 sola
2755 3271 2923 3326 Maria
2955 3270 3053 3342 (6).
3096 3271 3225 3323 Nam
3273 3268 3463 3336 utique
3525 3263 3621 3319 Ju-

2040 3369 2245 3437 sephus
2284 3367 2358 3435 ei,
2407 3375 2596 3436 utpote
2633 3380 2890 3435 sponsus,
2926 3362 3182 3417 connubii
3216 3360 3340 3428 jure
3383 3356 3622 3421 conjun-

345 3458 468 3504 ctus
489 3458 641 3519 erat;
679 3465 867 3505 verum
901 3466 1061 3521 quam
1102 3453 1370 3523 virginem
1415 3454 1608 3508 habuit
1656 3455 1925 3523 virginem
2002 3462 2263 3516 servavit.
2350 3460 2465 3516 llac
2512 3460 2682 3531 igitur
2716 3461 2781 3514 de
2819 3471 2989 3511 causa
3045 3471 3172 3510 non.
3206 3467 3330 3509 eum
3371 3447 3625 3505 convenit

344 3542 741 3612 archangelus;
775 3545 868 3600 sed
905 3547 971 3600 ad
1007 3543 1282 3615 Virginem
1317 3561 1377 3601 se
1405 3547 1659 3603 contulit.

418 3653 493 3712 I".
523 3658 636 3711 Καὶ
672 3656 729 3711 τί
774 3658 929 3728 λέγει
979 3660 1153 3731 αὐτῇ;
1201 3660 1400 3728 Χαῖρε,
1448 3664 1931 3732 κεχαριτωμένη·

348 3751 538 3822 ἐπειδὴ
557 3750 710 3805 εἶπεν
731 3754 758 3806 6
779 3753 911 3817 Θεὸς
932 3757 997 3825 τῇ
1022 3753 1159 3826 Εὕα·
1192 3756 1291 3809 Ἐν
1311 3758 1538 3822 λύπαις
1560 3757 1706 3825 τέξῃ
1734 3757 1933 3812 τέκνα.

350 3841 549 3908 Χαῖρε,
571 3844 1014 3915 κεχαριτωμένη
1036 3863 1049 3877 ο
1075 3846 1261 3900 λύεται
1287 3846 1395 3917 γὰρ
1425 3848 1457 3916 ή
1482 3846 1625 3917 λύπη
1651 3848 1748 3917 τῆς
1770 3846 1933 3910 Εὔας.

2108 3658 2198 3723 Ill.
2242 3658 2380 3726 Quid
2416 3675 2577 3728 porro
2604 3659 2735 3712 dirit
2761 3655 3015 3723 Virgini?
3038 3655 3162 3717 Ave,
3193 3654 3369 3722 gratia
3398 3651 3552 3720 plena
3579 3662 3628 3721 ε,

2035 3750 2469 3819 quandoquidem
2511 3750 2653 3803 Dens
2680 3749 2807 3802 Erae
2836 3747 3051 3799 dixerat
3077 3760 3090 3796 :
3124 3741 3191 3796 In
3221 3743 3497 3796 doloribus
3533 3758 3636 3809 pu-

2036 3844 2137 3897 ries
2174 3841 2315 3909 ﬁlios
2347 3839 2366 3878 τ
2402 3841 2504 3911 (7).
2548 3841 2685 3906 Ave,
2728 3841 2905 3908 gratia
2951 3836 3139 3906 plena;
3193 3832 3427 3887 solvitur
3482 3831 3626 3885 enim

361 3937 426 3989 Ἦ
462 3933 576 3991 an
604 3937 663 3990 ὲν
692 3936 895 4000 λύπαις
923 3937 1134 3992 ἔτικτεν
1153 3951 1168 3965 ⁸
1202 3938 1340 4008 αὕτη
1376 3938 1557 3991 τοίνυν
1588 3940 1621 4004 ὴ
1655 3939 1799 4009 χαρὰ
1817 3938 1934 3991 λύει

2035 3935 2159 3990 Eva:
2200 3933 2376 3988 dolor.
2427 3932 2537 3986 Eva
2573 3931 2626 3985 in
2671 3930 2951 3985 doloribus
2995 3918 3280 3996 pariebat;
3313 3924 3416 3977 hoc
3455 3921 3628 3990 igitur

350 4028 572 4099 ἐκείνην
602 4028 703 4101 τὴν
745 4029 943 4099 λύπην.
978 4029 1080 4083 Διὰ
1110 4029 1266 4082 τοῦτο
1291 4029 1478 4097 ἔλεγεν
1498 4046 1512 4061 ο
1542 4028 1740 4097 Χαῖρε,
1765 4046 1940 4098 κεχα-

348 4120 642 4189 ριτωμένη
669 4137 684 4153 ο
718 4124 752 4175 ό
781 4121 994 4189 Κύριος
1025 4122 1176 4192 μετὰ
1214 4120 1354 4175 σοῦ.
1393 4117 1500 4174 Ἦν
1539 4120 1648 4192 γὰρ
1690 4121 1807 4192 μετ’
1839 4122 1941 4174 αὖ·

349 4214 451 4276 τῆς
482 4213 510 4264 6
550 4213 746 4285 μικρὸν
773 4208 1312 4287 ὕστερονηὲξαύτῆς.
1343 4258 1346 4262 .

422 4327 496 4379 Δ’.
531 4326 601 4381 Ἦ
627 4325 695 4380 δὲ
714 4326 812 4380 ἐπὶ
836 4325 915 4394 τῷ
934 4329 1097 4397 λόγῳ
1121 4327 1479 4397 διεταράχθη
1496 4343 1508 4357 ·
1536 4327 1597 4380 οὐ
1629 4325 1738 4398 γὰρ
1763 4324 1941 4397 ἡσπάυ

2040 4024 2295 4097 gaudium
2326 4024 2569 4078 dolorem
2605 4022 2754 4075 illum
2786 4020 2980 4089 abigit.
3021 4014 3494 4084 Proptereadixit
3516 4010 3631 4082 (an-

2042 4119 2256 4188 gelus):
2290 4113 2419 4180 Ave,
2484 4114 2663 4184 gratia
2706 4111 2898 4181 plena,
2948 4109 3208 4164 Dominus
3253 4115 3445 4159 tecum.
3501 4104 3632 4156 Erat

2043 4210 2186 4264 enim
2214 4222 2338 4262 eum
2367 4222 2453 4270 ea,
2479 4205 2571 4274 qui
2612 4203 2773 4273 paulo
2803 4210 2926 4271 post
2956 4201 3022 4255 ab
3054 4199 3172 4267 ipsa
3213 4196 3458 4250 oriturus
3487 4202 3631 4251 erat.

2121 4319 2207 4376 IV.
2248 4318 2340 4373 Illa
2393 4333 2521 4373 vero
2553 4318 2766 4370 turbata
2801 4324 2877 4368 est
2908 4315 2964 4367 in
2999 4326 3238 4367 sermone
3264 4310 3319 4374 ες
3351 4322 3469 4361 non
3486 4304 3631 4358 enim

355 4435 491 4472 σατο
522 4418 660 4490 γυνὴ
706 4422 962 4489 γυναῖκα,
1001 4393 1121 4474 άλλ’
1149 4393 1400 4491 οὐράνιος
1440 4393 1664 4489 πολίτης
1707 4393 1809 4490 τὴν
1852 4419 1934 4471 ἐςπῖ

2050 4411 2247 4466 mulier
2282 4408 2565 4462 mulierem
2599 4404 2957 4467 salutaverat,
2996 4399 3091 4455 sed
3126 4396 3373 4454 cmlestis
3404 4393 3631 4448 civisin

354 4510 459 4578 γῆς
481 4484 954 4580 προσηγύρευσεν.
980 4509 1052 4564 Ἦ
1072 4508 1142 4563 δὲ
1161 4484 1260 4563 ἐπὶ
1281 4509 1358 4573 τῷ
1374 4510 1536 4580 λόγῳ
1556 4484 1934 4579 διεταρᾶχθη.

2048 4507 2210 4559 terris
2247 4502 2535 4573 degentem
2594 4496 2863 4550 allocutus
2914 4496 3110 4548 fuerat.
3169 4489 3302 4559 Ipsa
3344 4494 3525 4540 autem
3577 4484 3634 4537 in

354 4576 509 4671 Τάχα
529 4576 592 4654 ’δὲ
625 4576 830 4665 κως
868 4600 1007 4673 πρὸς
1032 4602 1226 4672 ἀνδρὸς
1257 4576 1479 4673 φωνήνέ
1530 4576 1844 4673 ἁήθηςνγὸιρ
1872 4576 1934 4671 ἦν

2047 4612 2285 4652 sermone
2315 4596 2527 4648 turbata
2564 4600 2663 4646 est.
2697 4588 2973 4644 Fortassis
3006 4599 3169 4657 porro
3207 4581 3429 4652 expavit
3469 4576 3632 4631 etiam

352 4692 388 4762 ἡ
418 4691 548 4760 ἁγία
570 4691 645 4756 ὡς
668 4693 806 4764 πρὸς
829 4692 1039 4764 ἀνδρῶν
1067 4693 1379 4762 ἀσπασμόν.
1409 4694 1577 4748 Μένιι
1604 4694 1784 4747 τοίνυν
1806 4693 1944 4763 πτή-

2049 4689 2117 4744 ad
2169 4703 2360 4743 vocem
2400 4685 2557 4756 quasi
2599 4682 2851 4747 virilem;
2902 4679 3046 4749 quod
3093 4678 3238 4733 enim
3280 4674 3348 4729 ad
3392 4672 3634 4728 virorum

357 4782 495 4850 ξασα
525 4785 626 4856 τὴν
674 4787 880 4856 φωνὴν,
909 4786 1000 4839 καὶ
1027 4783 1351 4852 διελογίζετο
1390 4787 1448 4839 ἐν
1479 4786 1640 4856 αὐτῇ,
1673 4785 1934 4849 ποταπὸς

2051 4779 2404 4833 salutationes
2443 4775 2661 4839 attinet,
2704 4774 3017 4828 nullatenus
3047 4767 3365 4826 sanctailla
3409 4764 3494 4822 his
3518 4772 3636 4818 erat

437 4936 459 4964 ε
487 4924 617 4980 Luc.
652 4938 692 4988 ι,
716 4922 809 4977 28.
895 4922 914 4960 τ
944 4920 1083 4977 Gen.
1111 4936 1195 4985 In,
1228 4919 1317 4974 16.
1402 4921 1428 4959 ε
1456 4916 1589 4975 Luc.
1631 4935 1668 4985 t,
1701 4919 1797 4975 29.

1666 5021 1899 5092 vannis
1937 5030 2337 5092 LECTlt‘iNES.

436 5127 453 5158 ⁸
487 5125 600 5183 Cod
612 5167 625 5180 .
652 5126 975 5197 γεννομένου
987 5165 1000 5180 .

1880 5219 2110 5276 NOTAE.

434 5342 514 5412 (5)
556 5339 610 5412 In
656 5340 832 5412 ollieio
863 5339 1253 5412 (lone‘eptionis
1290 5340 1650 5412 immaculata;
1688 5341 1889 5412 dicitur
1919 5358 1934 5393 :

364 5408 534 5468 Beata
571 5410 665 5463 Dei
693 5409 937 5464 Genitrix
970 5408 1146 5463 Maria
1176 5408 1354 5479 Virgo,
1392 5411 1639 5478 teutplum
1703 5409 1936 5464 Domini.

2047 5338 2229 5401 θεῖκὸς
2262 5338 2357 5390 καὶ
2390 5337 2661 5405 σωτήριος
2679 5352 2698 5405 ’ν
2718 5337 2752 5405 ἠ
2782 5333 2916 5405 πρὸς
2942 5334 3012 5405 τά
3037 5332 3151 5387 ἄνω
3175 5331 3379 5405 πάντας
3412 5326 3637 5405 pr-mia;

2050 5398 2482 5476 ἐπαναγαγυῡσα
2651 5398 2752 5477 τὴν
2787 5398 3053 5473 σύλληψιν
3078 5401 3287 5464 πιστῶς
3321 5398 3637 5467 πανηγυρί-

366 5483 609 5551 Liturgia
637 5479 821 5533 Gneea
864 5483 930 5534 de
958 5493 1242 5551 fouet-plu
1297 5482 1355 5551 in
1398 5492 1558 5533 utero
1606 5480 1775 5551 Anum
1810 5483 1948 5533 hanc
2059 5495 2266 5551 σωμεν.

367 5549 578 5607 lattdein
616 5551 873 5619 pra'dicat
903 5567 916 5603 :
954 5549 1226 5615 Templum
1252 5550 1488 5602 divinum
1519 5568 1580 5602 ac
1615 5549 1854 5602 salutare
1894 5552 1947 5602 in

2127 5538 2207 5616 (Β)
2247 5549 2420 5603 (ἓνωοί
2454 5548 2665 5600 beatam
2692 5543 2966 5615 Virginem
3000 5553 3059 5598 ut
3088 5540 3257 5596 solum
3288 5538 3386 5592 Dei
3413 5545 3637 5591 matrem

366 5637 515 5676 utero
555 5621 845 5686 concipitur
868 5637 931 5672 ac
961 5622 1327 5685 construitur;
1362 5620 1415 5670 iu
1453 5622 1634 5673 matris
1663 5620 1947 5673 visceribus
2058 5619 2373 5686 [reum-uter
2402 5619 2662 5673 salutant.

366 5693 640 5760 plantalur
674 5691 843 5760 κιττία,
869 5706 986 5758 qum
1016 5690 1261 5760 mortales
1293 5706 1469 5743 omnes
1506 5692 1573 5741 ad
1609 5688 1837 5760 molestia
1868 5707 1948 5740 re-

2126 5677 2201 5757 (7)
2244 5677 2718 5757 Frequentissima
2748 5685 2886 5753 apud
2917 5684 3107 5757 P__atres
3143 5679 3371 5757 Mariam
3402 5677 3545 5731 inter
3574 5690 3637 5757 ac

367 5745 549 5822 'ducit;
592 5745 1237 5826 ﬁdeliter'comeptiouem
1284 5761 1396 5827 ejus
1434 5760 1655 5811 summis
1696 5759 1943 5811 ltittdibus
2054 5745 2223 5811 Evam
2266 5745 2578 5813 antithesis.
2614 5745 2893 5814 Posterior
2929 5753 3040 5810 Eva
3070 5754 3122 5810 in
3173 5750 3438 5806 medelam
3482 5745 3636 5801 malis

367 5830 681 5887 celebremus
715 5845 734 5884 :
764 5830 962 5901 γαστρὶ
1001 5833 1258 5899 χωρεῖτχι
1307 5831 1400 5884 καὶ
1438 5829 1731 5885 πλάττεται
1771 5829 1934 5892 vam-1.

2053 5828 2250 5897 prioris
2283 5829 2469 5886 cessit.
