4086 6456
447 366 582 431 1779

1426 366 1835 427 ANTIPATRI
1877 366 2348 426 BOSTRENSIS
2382 365 2725 426 EPISCOPI

444 487 663 533 assueta
724 475 901 549 limi-et
933 473 1099 546 igitur
1125 473 1278 530 vocis
1321 473 1467 530 illius
1514 470 1710 532 iiiiiore
1750 479 2020 548 perculsa,

2159 476 2218 545 τη
2248 478 2269 508 ’
2297 479 2330 531 ὀ
2358 475 2688 545 ἀσπασμὸς
2739 468 2917 539 οὗτος
2942 489 2954 503 ·
3012 473 3064 525 τί
3114 471 3258 527 θέλει
3302 469 3442 545 αὕτη
3499 465 3644 528 εἶναι
3686 477 3723 543 ἠ

445 577 501 622 et
530 568 673 622 intra
705 581 764 623 se
792 567 1016 634 cogitat,
1048 565 1223 635 qualis
1256 566 1328 619 sit
1368 567 1473 620 ista
1511 566 1770 623 salutatio
1791 569 1819 608 ιι
1845 586 1860 637 ;
1894 570 2024 639 quid

447 671 643 726 nempe
666 656 769 712 sibi
808 656 922 711 vult
961 656 1066 710 iste
1093 656 1312 710 sermo?

520 750 583 803 ν.
626 747 797 803 Porro
841 748 908 804 ad
956 762 1077 803 eam
1125 748 1391 817 angelus:
1427 748 1506 804 Ne
1542 751 1765 815 timeas,
1817 751 2025 820 inquit,

2131 568 2476 640 προσηγορία
2497 585 2512 633 ;

2204 750 2279 805 E'.
2307 748 2420 804 Καὶ
2448 743 2603 801 εἶπεν
2647 750 2675 802 ό
2722 746 2956 817 ἄγγελος
2986 745 3126 818 αὐτῇ
3150 761 3163 776 ο
3217 744 3313 813 Μὴ
3347 744 3560 815 φοϐοῦ,
3596 749 3727 800 Μα-

449 836 666 902 Maria;
696 837 941 892 inuenisti
977 838 1118 891 cnim
1154 838 1385 906 gratiam
1423 838 1567 907 apud
1600 837 1769 892 Deum
1793 854 1812 893 :
1839 848 1887 894 et
1912 856 2030 894 ecce

2155 841 2300 911 κάμ-
2328 835 2501 909 εὗρες
2524 839 2636 911 γὰρ
2657 837 2837 909 χάριν
2862 840 3024 908 παρὰ
3052 838 3132 904 τῷ
3167 837 3289 904 θεῷ
3310 854 3324 869 ·
3363 838 3464 894 καὶ
3496 839 3627 893 ἰδοὺ
3652 839 3729 893 ἐν

447 929 504 983 in
548 940 696 982 utero
742 928 1003 995 concipies
1033 928 1078 981 ί.
1127 925 1283 993 Illud,
1313 927 1558 982 invenisti
1594 931 1848 1000 gratiam,
1879 944 2032 984 com-

448 1034 616 1075 mune
648 1018 771 1075 aliis
808 1018 942 1086 fuit;
981 1033 1107 1074 nam
1141 1027 1195 1074 et
1217 1018 1309 1073 alii
1341 1028 1466 1074 ante
1512 1035 1633 1074 eam
1668 1023 1899 1090 gratiam
1947 1021 2032 1075 in-

449 1121 739 1171 venerunt.
784 1114 941 1181 Quod
985 1127 1118 1170 vero
1164 1111 1405 1177 additur,
1444 1111 1728 1182 concipias,
1778 1127 1885 1167 non
1918 1112 2031 1182 jam

451 1218 745 1261 commune
781 1217 923 1273 erat,
962 1205 1057 1261 sed
1094 1218 1317 1275 prorsus
1348 1204 1622 1275 singulare
1666 1205 1875 1259 ratione
1904 1219 2030 1275 pro-

454 1297 809 1366 missionisi;
845 1307 902 1354 et
950 1315 1068 1354 ecce
1108 1300 1162 1352 in
1212 1306 1362 1352 utero
1395 1298 1658 1368 concipics
1698 1298 1849 1368 virgo
1890 1315 1905 1355 :
1939 1313 2036 1352 no-

452 1401 581 1443 vum
641 1403 775 1445 sane
830 1403 895 1445 ac
952 1388 1235 1444 mirabile!
1294 1386 1555 1442 Invenisti
1605 1389 1840 1459 gratiam
1894 1390 2036 1458 apud

461 1476 664 1543 Deum;
695 1493 818 1534 cum
846 1477 993 1533 enim
1024 1492 1250 1548 prorsus
1278 1491 1503 1533 necesse
1532 1477 1603 1533 sit
1628 1486 1687 1532 ut
1718 1493 1784 1533 ex
1817 1479 2033 1547 virgine

456 1569 686 1635 prodeat
717 1569 808 1639 qui
838 1570 1150 1626 nasciturus
1185 1578 1289 1635 est,
1322 1583 1434 1639 pra:
1455 1569 1709 1626 omnibus
1737 1570 2039 1642 virginibus

457 1659 553 1714 tibi
590 1659 678 1715 hic
713 1660 891 1715 bonor
917 1660 1129 1719 delatus
1155 1669 1258 1716 est.

531 1750 622 1808 VI.
665 1752 926 1808 Invenisti
953 1754 1094 1808 enim
1131 1754 1359 1823 gratiam
1390 1751 1531 1823 apud
1563 1753 1752 1819 Deum,
1786 1760 1834 1807 et
1863 1752 2053 1823 paries.

2133 933 2348 1005 γαστρὶ
2395 931 2700 1000 συλλήψῃ
2725 931 2768 985 ³.
2810 931 2905 997 Τὸ,
2936 927 3111 1000 εὗρες
3154 930 3353 1001 χάριν,
3404 930 3584 985 κοινὸν
3610 928 3680 1003 ἦν
3703 948 3723 965 ·

2134 1019 2292 1097 εὗρον
2342 1023 2453 1097 γὰρ
2506 1023 2655 1078 ἄλλοι
2712 1023 2821 1095 πρὸ
2858 1023 3029 1094 αὐτῆς
3076 1024 3261 1093 χάριν.
3296 1022 3370 1075 Τὸ
3418 1022 3474 1075 δὲ
3526 1024 3726 1091 είπεῖν,

2134 1118 2460 1186 cunnum,
2492 1115 2696 1169 οὐκέτι
2727 1111 2906 1168 κοινὸν
2937 1109 3028 1185 ἦν,
3065 1113 3181 1167 ἀλλ’
3214 1112 3421 1179 ἰδιάζον
3446 1116 3525 1176 είς
3550 1116 3729 1183 ἐπαγ-

2143 1207 2352 1277 γελίαν
2399 1205 2494 1259 καὶ
2537 1203 2669 1259 ιδοὺ
2712 1201 3014 1271 συλλήψῃ
3038 1202 3109 1255 ἐν
3147 1201 3364 1272 γαστρὶ
3416 1200 3729 1269 παρθένος·

2138 1299 2291 1366 ξένον
2337 1297 2399 1351 τὺ
2446 1297 2681 1368 πρᾶγμα
2706 1295 2766 1349 ⁸1
2802 1289 2991 1362 Εὖρος
3024 1292 3207 1364 χάριν
3247 1293 3411 1363 παρὰ
3440 1291 3521 1358 τῷ
3563 1290 3685 1357 Θεῷ
3711 1307 3728 1323 ·

2136 1391 2219 1445 δεῖ
2243 1390 2343 1462 μὲν
2365 1389 2475 1461 γὰρ
2498 1387 2594 1443 τοῦ
2623 1388 2945 1458 τικτομένου
2975 1386 3294 1455 ἀναγκαίως
3324 1386 3389 1439 ὲκ
3412 1383 3687 1456 παρθένου
3706 1396 3726 1415 ο

2141 1486 2205 1539 σὺ
2235 1484 2292 1540 δὲ
2320 1481 2427 1538 τῶν
2453 1482 2629 1538 ἄλλων
2665 1479 2953 1554 παρθένων
2987 1476 3412 1551 προτετίμησαι.

2214 1768 2306 1834 (τ.
2335 1759 2528 1833 Εὖρος
2571 1763 2681 1834 γὰρ
2721 1762 2900 1833 χάριν
2939 1758 3101 1829 παρὰ
3141 1758 3223 1826 τῷ
3260 1755 3404 1825 Θεῷ,
3447 1757 3546 1812 καὶ
3580 1756 3735 1825 τέξῃ

462 1847 657 1915 ﬁlium,
702 1856 752 1902 et
793 1830 1001 1902 uocabis
1050 1863 1238 1902 nomen
1276 1846 1389 1918 ejus
1416 1846 1622 1902 Iesum.
1659 1843 1826 1916 Virgo
1857 1845 2040 1915 itaque

2155 1829 2311 1913 υἱόν·-
2358 1829 2458 1910 καὶ
2503 1829 2841 1922 άάλέσέὶςί
2867 1853 2935 1908 τὸ
2988 1853 3180 1923 ὄνομα
3226 1850 3416 1907 αὐτοῦ
3459 1849 3730 1917 Ἰησοῦν.

456 1956 581 1996 cum
625 1940 694 1995 ab
729 1938 920 2009 angelo
952 1939 1180 1995 salutata
1221 1951 1387 2005 esset,
1428 1938 1726 2010 angebatur
1754 1937 1956 2005 animo,
1985 1947 2041 1994 et

460 2046 574 2085 rem
606 2046 791 2086 secum
830 2031 947 2101 ipsa
992 2032 1395 2102 perpendebat;
1436 2031 1527 2087 ubi
1575 2045 1710 2086 vero
1769 2032 2040 2102 persentit

458 2137 568 2189 quo
610 2132 823 2189 spectet
865 2121 1049 2178 fausta
1098 2122 1194 2177 illa
1243 2123 1614 2191 annuntiatio,
1656 2138 1762 2179 non
1809 2123 2042 2193 amplius

458 2215 725 2270 adversus
770 2228 1080 2271 sermonem
1130 2216 1422 2281 obnititur,
1472 2230 1661 2271 verum
1700 2216 1767 2270 de
1822 2230 1880 2271 re
1922 2230 2043 2285 quae

463 2307 569 2362 sibi
620 2307 946 2376 proponitur
985 2323 1188 2379 anceps
1225 2309 1412 2363 lueret.
1451 2307 1590 2363 Hinc
1631 2308 1765 2363 dicit
1803 2309 2038 2375 angelo:

460 2398 738 2466 Quomodo
768 2401 870 2455 erit
906 2403 1006 2456 hoc
1030 2402 1183 2468 mihi,
1214 2404 1469 2473 quoniam
1505 2405 1675 2457 virum
1712 2419 1815 2457 non
1846 2418 2042 2473 cogno—

457 2488 633 2547 sco"?
666 2492 855 2550 Fidem
889 2494 1048 2551 dictis
1082 2510 1191 2551 non
1227 2504 1420 2565 negat;
1459 2495 1553 2551 sed
1581 2496 1646 2551 de
1670 2495 1831 2551 modo
1865 2495 2044 2567 inqui-

464 2582 557 2641 rit.
590 2584 934 2641 Ineredulum
971 2602 1102 2656 ergo
1133 2587 1325 2657 utique
1361 2602 1422 2644 se
1452 2586 1752 2642 Zacharias
1779 2589 2042 2658 praebuit;

465 2691 574 2732 non
603 2684 785 2733 autem
820 2675 985 2748 Virgo
1020 2678 1229 2748 pariter
1252 2678 1529 2734 incredula
1565 2679 1804 2735 exsistit.
1838 2678 2047 2736 Idcirco

463 2764 560 2821 ille
586 2766 903 2822 sciscitatus
931 2776 1014 2822 est
1042 2784 1055 2820 :
1089 2764 1238 2821 Unde
1259 2766 1355 2821 hoc
1376 2768 1544 2822 sciam
1574 2766 1719 2824 liUt
1745 2769 1890 2824 enim
1924 2784 2045 2823 cre-

461 2856 638 2921 deret,
668 2856 884 2926 signum
917 2857 1024 2912 sibi
1064 2856 1313 2913 exhiberi
1348 2857 1685 2928 postulabat.
1716 2858 1886 2930 Virgo
1919 2875 2049 2916 vero

462 2945 643 3016 inquit
668 2964 682 3003 :
714 2946 990 3014 Quomodo
1035 2949 1133 3003 hoc
1163 2949 1306 3004 erit?
1335 2947 1563 3021 Nempe,
1613 2966 1798 3008 sermo
1827 2952 2047 3022 quidem

464 3040 572 3095 title
606 3040 801 3110 dignus
837 3050 949 3108 est;
992 3051 1050 3096 at
1083 3043 1279 3099 modus
1313 3043 1483 3098 menti
1517 3044 1820 3115 impervius
1849 3062 1863 3099 :
1898 3053 2053 3099 natu-

465 3129 598 3185 ralis
632 3129 938 3187 inteliectus
965 3146 1307 3204 nequaquam
1339 3135 1675 3206 assequitur,
1706 3150 1827 3206 quae
1861 3135 2002 3191 dicis
2031 3153 2045 3190 :

464 3239 591 3279 nam
624 3224 774 3293 illud,
808 3241 927 3280 cccc
960 3226 1243 3296 concipias,
1270 3225 1337 3280 ad
1366 3236 1691 3297 pr:esentem
1725 3228 1829 3282 mei
1859 3226 2051 3283 condi-

466 3315 671 3371 tionem
702 3322 937 3385 spectat,
970 3331 1145 3387 neque
1169 3318 1345 3372 locum
1368 3317 1487 3371 viro
1516 3317 1741 3387 praebet.
1766 3316 2050 3383 Quomodo

467 3405 572 3461 Itoc
599 3405 745 3460 erit?
780 3404 894 3459 Eva
924 3419 1032 3462 non
1058 3405 1210 3475 prius
1255 3406 1509 3474 concepit
1538 3420 1700 3475 quam
1726 3421 1848 3461 cum
1878 3407 2049 3463 Adam

2143 1949 2273 2005 Ὅτε
2307 1949 2407 2020 μὲν
2435 1943 2531 2003 οὖν
2573 1946 2790 2011 ἐδέξατο
2828 1945 2927 2018 τὴν
2978 1944 3283 2015 ἀγγελικὴν
3329 1942 3733 2015 προσηγορίαν,

2149 2039 2354 2112 ήγωνία
2381 2040 2404 2072 ⁸
2437 2040 2531 2094 καὶ
2560 2037 2891 2106 διελογίζετο
2922 2039 2954 2108 ἡ
2988 2036 3292 2109 παρθένοςο
3319 2036 3409 2089 ὅτε
3451 2034 3509 2088 δὲ
3536 2033 3735 2088 ἀκούει

2140 2133 2234 2188 τὸν
2262 2132 2619 2201 εὐαγγελικὸν
2651 2131 2831 2200 λόγον,
2866 2131 2969 2183 οὐκ
3005 2128 3088 2182 έτι
3121 2127 3334 2197 ἀγωνιᾷ
3361 2125 3499 2198 πρὸς
3527 2123 3620 2178 τὸν
3645 2123 3739 2177 λό-

2142 2240 2239 2293 γον
2259 2240 2273 2253 ·
2303 2222 2420 2276 ἀλλ’
2461 2221 2737 2292 ὲπαπορεῖ
2761 2219 2899 2289 πρὸς
2936 2218 3036 2291 τὴν
3066 2216 3422 2286 ἐπαγγελίαν.
3451 2215 3563 2268 Καὶ
3582 2213 3739 2282 λέγει

2145 2316 2283 2389 πρὸς
2314 2315 2405 2369 τὸν
2438 2314 2667 2383 ἄγγελον
2688 2330 2703 2344 ·
2732 2309 2866 2377 Πῶς
2897 2310 3070 2364 ἐσται
3091 2325 3197 2378 μοι
3230 2306 3431 2372 τοῦτο,
3469 2304 3604 2359 ἐπεὶ
3627 2303 3741 2359 ἇν-

2145 2410 2259 2479 δρα
2285 2411 2356 2464 οὐ
2384 2409 2695 2479 γινώσκω;
2729 2405 2841 2458 Οὐκ
2870 2403 3095 2457 ἀπιστεῖ
3117 2399 3256 2472 πρὸς
3280 2398 3372 2453 τὸν
3395 2397 3587 2467 λόγον’
3619 2395 3739 2450 ἀλλ’

2144 2503 2369 2556 ἀπαιτεῖ
2407 2498 2499 2554 τὸν
2532 2499 2756 2570 τρόπον.
2803 2496 2862 2549 '0
2910 2495 3008 2567 μὲν
3055 2491 3150 2547 οὖν
3180 2491 3457 2563 Ζαχαρίας
3497 2488 3742 2559 ἠπίστη-

2147 2608 2270 2645 σεν·
2299 2593 2332 2661 ἡ
2363 2589 2419 2643 δὲ
2458 2586 2732 2659 παρθένος
2758 2586 2860 2640 οὐκ
2907 2586 3149 2640 ἀπιστεῖ.
3190 2585 3428 2646 Ἐκεῖνος
3456 2580 3589 2650 γοῦν
3619 2579 3743 2633 ἔλε-

2147 2698 2243 2751 γεν
2261 2698 2274 2711 ·
2304 2677 2463 2735 Κατὰ
2487 2678 2545 2732 τι
2569 2675 2876 2749 γνώσομαι
2901 2675 3116 2739 τοῦτο;
3152 2674 3366 2744 Ἑζήτει
3389 2672 3496 2741 γὰρ
3514 2672 3744 2742 σημεῖον

2147 2772 2355 2839 λαϐεῖν,
2385 2771 2475 2825 ἵνα
2520 2769 2812 2841 πιστεύσῃ.
2856 2769 2922 2822 Ἡ
2951 2768 3008 2822 δὲ
3042 2766 3316 2840 παρθένος
3355 2764 3575 2833 ἔλεγεν·
3604 2760 3745 2827 Πῶς

2148 2865 2320 2920 ἐσται
2348 2862 2525 2917 τοῦτο
2545 2877 2566 2927 ;
2604 2861 2663 2915 'O
2698 2863 2796 2932 μὲν
2822 2860 2981 2929 λόγος
3011 2858 3326 2926 ἀξιόπιστος
3351 2875 3365 2888 ·
3389 2857 3418 2910 ὁ
3444 2855 3503 2910 δὲ
3534 2854 3744 2924 τρόπος

2150 2954 2388 3025 ἄπορος·
2426 2954 2530 3006 οὐκ
2575 2946 2776 3023 οἷδενή
2821 2950 3006 3019 φύσις,
3033 2950 3071 3003 ἃ
3112 2948 3326 3019 λέγεις’
3357 2947 3418 3000 τὸ
3444 2947 3574 3017 γὰρ,
3611 2942 3745 2999 ἰδοὺ

2153 3045 2479 3114 συλλήψῃ,
2508 3045 2568 3098 τὸ
2589 3043 2762 3117 παρὸν
2792 3044 3092 3115 ἐσήμανεν,
3122 3041 3222 3095 οὐκ
3250 3040 3421 3113 ἄνδρα
3445 3038 3745 3108 ἐξεδέχετο.

2152 3136 2286 3204 Πῶς
2318 3137 2492 3192 ἔσται
2512 3136 2724 3201 caiisa;
2758 3134 2872 3190 Εὕα
2900 3135 3195 3189 συνέλαϐεν
3217 3134 3278 3189 οὐ
3319 3133 3452 3204 πρίν
3491 3132 3523 3203 ἦ
3557 3129 3748 3185 συνελ-

2158 3227 2271 3282 θεῖν
2320 3228 2413 3283 τὸν
2454 3227 2628 3298 Ἀδάμ
2648 3243 2661 3257 ·
2694 3213 2851 3292 οὗτος
2876 3230 2904 3280 ὁ
2947 3225 3158 3299 βαθμὸς
3180 3225 3281 3296 τῆς
3327 3223 3573 3293 φύσεως·
3603 3217 3748 3291 αὕτη

2158 3323 2191 3394 ἠ
2221 3321 2447 3384 κάθοδος
2480 3320 2579 3391 τῆς
2596 3319 2965 3383 παιδοποιίαςο
2990 3312 3144 3382 οὗτος
3159 3320 3187 3372 ὁ
3205 3316 3411 3388 θεσμὸς
3435 3314 3538 3383 τῆς
3560 3310 3748 3366 διαδο-

2158 3414 2280 3485 χῆς.
2306 3412 2626 3485 Πῶς-,ἕσται
2650 3430 2752 3483 μοι
2773 3411 3120 3478 τοῦτο,ἐπεί
3148 3409 3344 3480 ἄνδρα
3362 3411 3434 3464 οὐ
3453 3405 3753 3479 γινώσκοις

468 3501 942 3571 congrederetur:
979 3501 1102 3558 talis
1148 3510 1230 3558 est
1277 3502 1414 3559 ordo
1459 3510 1698 3572 naturae;
1741 3503 1858 3560 inec
1905 3508 2047 3563 ratio
2087 3511 2255 3579 prolis
2325 3512 2719 3583 suscipiendas;
2755 3511 2871 3566 haec
2907 3509 2994 3564 lex
3029 3507 3083 3563 in
3146 3501 3499 3577 propaganda
3530 3496 3739 3556 sobole.

469 3593 755 3664 Quomodo
787 3597 890 3652 erit
938 3598 1040 3653 hoc
1075 3597 1232 3661 mihi,
1277 3597 1534 3666 quoniam
1584 3598 1762 3653 virum
1804 3616 1912 3655 non
1958 3606 2273 3669 cognosco?

540 3686 658 3744 VII.
713 3687 1163 3759 Quandoquidem
1212 3687 1381 3760 Virgo
1428 3681 1705 3761 sapienter
1753 3692 2059 3762 interroga-

471 3784 585 3851 bat,
611 3782 838 3854 angelus
871 3783 972 3854 ipsi
1001 3784 1218 3854 reponit
1247 3802 1260 3837 :
1285 3784 1440 3851 Quod
1467 3784 1734 3854 ambigas,
1762 3784 1937 3840 facilis
1964 3786 2061 3840 tibi

473 3876 656 3931 venia.
705 3873 990 3929 Zacharias
1018 3874 1237 3943 quidem
1274 3889 1380 3929 nou
1416 3873 1591 3944 parcit
1621 3874 1928 3946 (angelus);
1962 3889 2059 3931 ve-

474 3982 598 4023 rum
638 3966 780 4022 male
808 3966 968 4022 [idem
1013 3966 1278 4021 abnuenti
1314 3979 1378 4022 os
1403 3967 1719 4035 obstruxit;
1756 3977 1811 4021 at
1842 3967 2061 4038 Virgini

476 4058 759 4132 ignoscit:
807 4072 986 4129 neque
1045 4058 1189 4112 enim
1242 4056 1481 4127 Virginis
1528 4057 1684 4129 (quite
1748 4058 2060 4129 genuisset)

477 4152 790 4223 exemplum
840 4158 1219 4220 praecesserat.
1272 4148 1441 4206 Venia
1485 4149 1712 4222 (inquit)
1762 4150 1883 4216 tibi,
1917 4148 2063 4220 quod

480 4245 789 4313 addubites,
839 4245 1129 4312 tribuitur;
1180 4244 1438 4314 quoniam
1483 4258 1760 4312 nunquam
1810 4252 1972 4297 antea
2010 4241 2065 4296 id

481 4338 691 4395 factum
724 4346 838 4405 est;
872 4338 982 4393 imo
1011 4338 1114 4393 hoc
1146 4338 1287 4392 idem
1334 4346 1389 4392 et
1425 4336 1641 4391 initium
1671 4334 1769 4390 abs
1815 4343 1867 4389 te
1914 4343 1969 4387 et
1998 4333 2064 4387 ii-

2237 3699 2311 3752 Z'.
2359 3698 2578 3769 Ἐπειδή
2609 3696 2791 3760 καλῶς
2820 3693 3034 3767 ἠρώτα,
3070 3691 3099 3745 ό
3124 3688 3357 3773 ἄγγελος
3383 3685 3518 3758 πρὸς
3545 3683 3716 3753 αὐτήν
3734 3698 3751 3716 ο

2164 3787 2472 3859 Συγγνώμη
2502 3805 2585 3841 σοι
2615 3784 2900 3857 ἀπορούσῃ
2932 3785 2952 3816 ⁷
2979 3799 2994 3814 ο
3026 3780 3105 3852 τῷ
3130 3781 3229 3852 μὲν
3256 3775 3503 3849 Ζαχαρία
3531 3774 3593 3827 οὑ
3622 3789 3754 3840 συγ-

2166 3880 2457 3949 γινώσκειο
2507 3878 2623 3933 ἀλλ’
2677 3876 3040 3947 ἐπεστόμισεν
3081 3870 3245 3927 αὐτὸν
3285 3866 3476 3929 κακῶς
3518 3864 3757 3935 ἀπιστή-

2168 3989 2340 4027 σαντα
2361 3988 2373 4003 ’
2404 3975 2471 4044 τῇ
2494 3971 2551 4025 δὲ
2577 3970 2842 4045 Παρθένῳ
2872 3965 3236 4037 συγγινώσκει
3258 3978 3272 3992 °
3309 3961 3371 4015 οὐ
3394 3959 3502 4030 γὰρ
3534 3952 3603 4029 ἦν
3622 3956 3758 4045 ὑπό-

2167 4062 2367 4133 δειγμα
2404 4044 2703 4134 Παρθένου,
2742 4058 3054 4128 Συγγνώμη
3090 4072 3172 4109 σοι
3224 4048 3530 4121 ἀπορούσῃ,
3566 4044 3759 4115 ἐπειδὴ

2168 4156 2230 4209 οὐ
2266 4153 2457 4224 γέγονε
2491 4153 2757 4225 πρότερον
2779 4166 2793 4182 ·
2826 4148 2940 4204 ἀλλ’
2966 4147 3077 4205 ἀπὺ
3116 4144 3210 4200 σοῦ
3239 4144 3334 4198 κα)⁵
3355 4141 3462 4205 ἕως
3490 4137 3585 4193 σοῦ
3622 4136 3759 4207 στή-

2169 4265 2324 4301 σεται
2351 4247 2411 4301 τὸ
2437 4247 2693 4318 πρᾶγμα.
2739 4240 2883 4311 Ἐγὼ
2903 4240 2962 4296 δέ
2996 4256 3080 4294 σοι
3112 4237 3261 4308 λέγω
3291 4236 3390 4289 καὶ
3411 4231 3504 4287 τὸν
3533 4231 3757 4302 τρόπον’

2175 4340 2249 4411 μὴ
2289 4339 2511 4410 ὲκδέχου
2547 4337 2720 4407 ἄνδρα
2743 4353 2759 4369 ·
2795 4334 2871 4407 μὴ
2904 4335 3147 4404 ἀνάμενε
3194 4330 3388 4404 ἀνδρὸς
3435 4324 3721 4381 κοινωνίαν
3742 4340 3759 4356 ·

482 4446 610 4487 nem
643 4431 698 4487 in
730 4440 783 4486 te
823 4397 1065 4486 babebit.
1098 4429 1315 4485 Modum
1353 4438 1536 4483 autem
1563 4427 1679 4497 ipse
1711 4425 1806 4482 tibi
1839 4439 2049 4495 promo;

2172 4397 2302 4487 ἀνευ
2336 4397 2540 4500 σαρκὸς
2573 4430 2606 4500 ή
2640 4397 2808 4499 σαρξί
2845 4397 2974 4481 ἀνευ
3006 4397 3383 4486 κοινωνίας-τὸ
3415 4415 3760 4486 τικτόμενον.

485 4539 557 4580 ne
590 4524 890 4594 suspiceris
917 4534 1271 4579 accessurum
1300 4521 1366 4576 ad
1405 4526 1461 4575 te
1497 4519 1677 4573 virum
1715 4531 1829 4572 :ne
1871 4517 2067 4571 timeas

484 4616 553 4672 de
586 4614 687 4670 viri
725 4614 1120 4671 consuetudine
1148 4631 1163 4668 :
1195 4611 1317 4667 sine
1362 4611 1548 4665 carnis
1585 4622 1752 4678 opera
1779 4621 1907 4663 caro
1939 4624 2069 4679 proo

485 4705 657 4773 dibit;
694 4705 816 4761 sine
844 4705 947 4760 viri
978 4702 1403 4759 conversatione
1434 4699 1538 4755 erit
1564 4706 1778 4770 partus.
1810 4699 1929 4765 Quo
1953 4710 2071 4755 tan-

488 4795 611 4853 dem
663 4798 864 4866 pacto?
914 4794 1145 4864 Spiritus
1189 4802 1406 4850 sanctus
1456 4792 1786 4863 superueniet
1833 4793 1888 4846 in
1931 4802 1979 4848 te
2001 4804 2063 4847 ιιι.

2170 4522 2306 4576 Τίνα
2344 4521 2410 4591 δή
2461 4521 2693 4592 τρόπον;
2737 4517 2983 4587 Πνεῦμα
3025 4516 3200 4587 ἄτιον
3228 4511 3625 4568 ἐπελεύσεται
3662 4506 3766 4560 ἐπὶ

2170 4612 2264 4668 σέ.
2325 4610 2723 4682 Πνευματικῶς
2780 4610 2949 4665 ἄκουε
3003 4608 3135 4677 περὶ
3194 4603 3539 4675 Πνεύματος.
3596 4599 3763 4651 Ἀνευ

2175 4705 2511 4775 σπέρματος,
2556 4703 2830 4773 καταΰολῇ
2885 4699 3243 4770 Πνέύματος*
3300 4694 3603 4767 βουλήματι
3653 4688 3766 4760 γὰρ

2175 4795 2311 4850 Θεοῦ
2336 4795 2654 4848 συνίσταται
2684 4794 2746 4848 τὸ
2764 4794 3072 4863 γινόμενον.

493 4888 869 4960 Spiritualiter
914 4889 1124 4957 accipe,
1160 4900 1281 4957 quas
1332 4893 1461 4940 sunt
1511 4883 1768 4954 Spiritus.
1803 4882 1933 4940 Sine
1982 4885 2193 4942 semine
2260 4887 2518 4959 (gigues),
2586 4886 2950 4944 descendente
2991 4885 3071 4956 (in
3122 4883 3195 4956 te)
3248 4888 3442 4939 sancto
3506 4875 3757 4947 Spiritu:

491 4982 589 5040 Dei
629 4983 774 5039 enim
816 4983 1096 5039 voluntate
1124 4980 1392 5037 formatur
1412 4981 1555 5050 quod
1584 4980 1848 5037 nascitur.

563 5073 702 5131 VIII.
746 5075 977 5145 Spiritus
1008 5082 1218 5128 sanctus
1244 5072 1565 5141 superveniet
1591 5072 1649 5124 in
1684 5079 1756 5125 te.
1790 5069 2073 5136 Quomodo

492 5166 886 5238 superveniet?
916 5167 1048 5221 Dum
1089 5163 1457 5236 superveniet,
1500 5162 1673 5219 oculis
1705 5177 1829 5217 eum
1858 5177 1966 5217 non
1997 5162 2077 5216 vi-

494 5255 685 5323 debis;
711 5256 831 5321 sed,
862 5264 1139 5324 utcunque
1192 5253 1501 5317 invisibilis,
1527 5253 1869 5323 operabitur.
1906 5249 2078 5321 Spiri-

496 5356 581 5403 tus
616 5358 835 5402 sanctus
873 5346 1192 5417 superueniet
1235 5344 1293 5400 in
1337 5356 1406 5400 te.
1446 5345 1721 5412 Quorsum
1756 5343 2077 5415 supervenit

2256 5062 2339 5120 II'.
2371 5063 2617 5133 Πνεῦμα
2635 5062 2807 5134 ἄτιον
2832 5060 3225 5116 ἐπελεύσεται
3245 5058 3345 5113 ἐπὶ
3372 5058 3467 5113 σέ.
3502 5057 3628 5122 Πῶς
3677 5058 3767 5112 ὲπ·

2182 5159 2502 5222 ιλεύσεται;
2533 5156 2649 5209 Οὺκ
2689 5152 2892 5224 costae?)
2932 5152 3302 5223 ἐπερχόμενον
3326 5167 3340 5180 ’
3379 5151 3669 5221 ἐνεργήσει
3710 5150 3769 5203 δὲ

2188 5251 2263 5323 μὴ
2291 5249 2637 5321 φαινόμενον.
2665 5244 2909 5314 Πνεῦμα
2933 5243 3105 5315 ἄτιον
3130 5241 3527 5298 ἐπελεύσεται
3546 5242 3644 5295 ἐπὶ
3672 5242 3769 5295 σέ.

2189 5342 2305 5395 Ἵνα
2334 5340 2389 5393 τί
2411 5338 2434 5372 ⁸
2462 5336 2759 5408 ἐπέρχεται
2783 5332 3011 5403 Πνεῦμα
3037 5332 3230 5402 ἃγιον;
3271 5331 3492 5401 Ἐπειδὴ
3519 5330 3648 5399 ἁγία
3673 5329 3773 5400 μὲν

567 5464 758 5525 llLuc.
791 5484 832 5537 I,
856 5467 949 5525 29.
1030 5469 1048 5510 ί
1089 5468 1219 5525 ibid.
1249 5467 1342 5526 5‘0.
1424 5463 1438 5517 i
1471 5466 1574 5523 Isa.
1614 5483 1712 5535 vn,
1744 5466 1831 5522 l4.
1913 5465 1939 5507 ιι
1963 5464 2049 5519 [ΑΙ

2161 5506 2174 5531 ,
2215 5463 2306 5519 34.
2388 5461 2571 5519 1ibid.
2606 5460 2694 5515 18.
2774 5456 2970 5513 mibid.
3002 5454 3092 5512 55.

1768 5556 2003 5613 νΑῐιιέΕ
2042 5555 2337 5613 LECTION
2347 5553 2450 5608 ES.

570 5659 592 5690 ²
624 5656 725 5730 Εῐη
752 5671 873 5730 cum
907 5664 1055 5730 textu
1083 5655 1372 5730 LILucze;
1410 5667 1533 5706 nam
1569 5652 1739 5730 cades
1767 5648 2033 5730 habetsi:
2080 5653 2132 5730 _'
2153 5651 2295 5730 _C_od.
2331 5651 2428 5730 hic
2454 5656 2512 5730 et
2552 5644 2714 5730 paulo
2749 5649 2895 5714 post,
2927 5642 3190 5730 σσλλήψει
3212 5655 3775 5730 θηροξηιηιιηεοιιιειι-

503 5739 613 5783 tem
642 5717 782 5784 sacri
816 5737 1000 5783 textus
1036 5725 1327 5782 lectionem
1353 5717 1684 5790 sequendam
1710 5723 1859 5778 duxi.
1935 5724 1957 5756 ⁸
1984 5723 2120 5779 Cod.
2153 5724 2241 5778 hic
2284 5730 2339 5775 et
2369 5719 2528 5782 “alibi,
2556 5717 2733 5790 πρᾴγ

502 5798 631 5871 sine
658 5798 951 5871 corrigitur
973 5797 1162 5855 eadem
1196 5810 1358 5852 manu
1392 5791 1662 5858 καλέσεις.

2738 5712 2837 5784 μα.
2933 5714 2955 5746 ⁸
2981 5712 3119 5769 Cod.
3147 5713 3428 5779 καλλσείς.
3457 5722 3510 5767 at
3545 5712 3599 5767 iu
3631 5727 3750 5769 mar

1744 5793 1765 5825 ⁸
1796 5792 1930 5851 Cod.
1968 5793 2172 5865 ὴῖονία.
2252 5794 2271 5827 ⁷
2307 5791 2438 5848 Cod.
2477 5784 2779 5861 ἀπορούσῃ.
2857 5785 2877 5816 ⁷
2909 5784 3041 5841 Cod.
3072 5784 3235 5841 ἱνατί.

3579 362 3718 427 ῙἸεὶθ
3826 392 3835 398 ·
