4086 6412
348 423 475 490 ιῖὸι

1152 432 1480 495 ΙΙΟΜΙΙΛΑ
1522 437 1602 497 1N
1645 438 1745 497 SS.
1779 438 2130 498 DEIPARJ‘I
2171 438 2895 503 ANNUNTIATIUNEM.
3489 446 3620 509 1783

341 537 645 609 ὑπάρχεις·
682 538 762 591 δεῖ
788 535 846 592 δέ
879 555 938 594 σε
973 542 1227 609 γενέσθαι
1255 544 1586 618 ἀγιωτέραν.
1625 547 1793 602 Ὅταν
1824 549 1922 621 γὰρ

2039 551 2279 621 Spiritus
2312 554 2578 607 sanctus?
2610 555 2745 618 Quia
2780 554 2988 607 sciliiet
3036 565 3224 610 sancta
3261 556 3479 624 quidem
3524 579 3616 627 es,

513 628 543 679 6
570 627 778 681 τέκτων
828 628 1009 695 ξύλον,
1044 631 1075 701 ἦ
1125 633 1362 703 χαλκεὺς
1407 636 1645 708 σίδηρον,
1678 637 1759 692 ἔτι
1796 638 1929 691 αὐτὸ

335 718 614 789 καθαίρει,
642 719 738 775 καὶ
759 722 1197 794 ἐπιτηδειότερον
1232 725 1369 797 πρὸς
1394 727 1495 799 τὴν
1529 729 1726 799 τέχνην
1765 729 1930 800 ἐργά-

334 808 512 874 ζεται.
564 811 676 865 Καὶ
710 813 775 865 σὺ
826 813 1009 867 τοίνυν
1059 815 1326 886 παρθένος
1370 819 1469 888 μὲν
1522 816 1574 873 εἴ
1599 836 1612 850 ·
1655 821 1737 875 δεῖ
1763 820 1821 874 δέ
1868 840 1926 875 σε

333 902 647 975 ἁγιωτέραν
679 904 961 974 γενέσθαι,
990 906 1078 962 ἵνα
1110 908 1203 964 τὸν
1231 909 1388 979 ἆγιον
1424 911 1724 986 συλλάὸῃς.

409 1106 485 1161 Θ¹.
516 1107 759 1178 Πνεῦμα
795 1108 970 1179 ἅγιον
1003 1110 1396 1167 ἐπελεύσεται
1434 1112 1533 1167 ἐπὶ
1569 1115 1664 1181 σὲ,
1695 1116 1794 1171 καὶ
1824 1117 1929 1172 δύο

332 1217 512 1269 ναμις
539 1200 837 1269 Ὑψίστου
854 1202 1198 1257 ἐπισκιάσει
1223 1218 1346 1257 σοι.
1370 1204 1473 1257 Δύο
1493 1205 1677 1275 λέγει·
1701 1206 1928 1278 Πνεῦμα

335 1289 513 1361 ἅγιον,
546 1294 643 1345 καὶ
690 1292 941 1363 δύναμιν.
986 1294 1081 1357 Τίς
1112 1297 1145 1366 ἡ
1188 1295 1433 1367 δύναμίς,
1463 1299 1641 1366 scr-civ;
1674 1299 1929 1367 Χριστὸς

337 1386 488 1442 Θεοῦ
509 1387 779 1457 δύναμις.
802 1390 867 1442 Ἐ
877 1407 1063 1460 ρχεται
1079 1392 1260 1445 τοίνυν
1281 1393 1350 1446 τὰ
1369 1392 1463 1447 δύο
1479 1411 1494 1424 ·
1516 1398 1608 1447 καὶ
1624 1396 1684 1448 τὺ
1705 1396 1928 1466 Πνεῦμα

334 1476 395 1530 τὸ
414 1477 589 1546 ἇγιον,
608 1481 705 1533 καὶ
724 1482 751 1533 6
773 1481 1009 1550 Χριστὸς
1025 1484 1053 1535 6
1074 1484 1372 1555 μονογενὴς
1392 1485 1485 1538 τοῦ
1502 1486 1661 1540 Θεοῦ.
1692 1487 1926 1556 Ἐπειδὴ

334 1570 402 1626 τό
436 1571 814 1642 γεννώμενον
842 1576 862 1606 ⁹
888 1576 955 1627 ἐκ
986 1576 1105 1630 σοῦ
1147 1576 1321 1646 ἅγιον
1364 1580 1751 1647 κληθήσεται.
1787 1583 1929 1653 Ὅρα

338 1679 430 1732 μοι
459 1663 521 1728 ⁸⁸,
554 1664 671 1727 πῶς
701 1664 821 1719 ὅλον
854 1667 1109 1736 ἤκουσεν,
1153 1667 1379 1738 Πνεῦμα
1411 1669 1588 1739 ἅγιον,
1631 1672 1727 1725 καὶ
1768 1671 1927 1726 δόνα-

336 1769 430 1823 μιν
456 1754 749 1824 ’Ὑψίστοω
785 1756 846 1811 '0
884 1757 1116 1826 ἄγγελος
1142 1760 1294 1814 οὐδὲν
1315 1763 1551 1833 ἀφῆκεν,
1586 1765 1739 1817 οὐδὲν
1761 1765 1927 1819 ἐσιώ-

334 1860 532 1914 πησεν.
581 1848 823 1914 Πνεῦμα
894 1849 1068 1921 ἅγιον
1118 1853 1513 1909 ἐπελεύσεται
1550 1857 1649 1909 ἐπὶ
1687 1856 1799 1919 σὲ,
1830 1859 1927 1911 καὶ

333 1939 592 2009 δύναμις
627 1943 928 2011 ’Υψίστου
969 1946 1314 2003 ἐπισκιάσει
1355 1967 1474 2014 σοι,
1514 1950 1803 2020 περιϐαλεῖ
1830 1953 1923 2005 καὶ

334 2033 545 2087 ἐνδόσει
576 2036 616 2066 ¹¹
658 2054 738 2101 σε,
771 2038 867 2091 καὶ
898 2038 1087 2112 κύκλῳ
1113 2058 1209 2094 σου
1241 2044 1535 2113 γενήσεται
1569 2044 1665 2097 καὶ
1692 2061 1923 2116 περιχα-

334 2126 578 2197 ρακώσει
620 2143 701 2195 σε,
735 2129 832 2183 καὶ
867 2132 1045 2204 σκέπη
1081 2149 1165 2186 σοι
1197 2132 1374 2190 ἔσται.

402 2262 460 2317 l’.
497 2263 727 2335 Πνεῦμα
760 2268 937 2336 ἅγιον,
974 2271 1235 2342 Δύναμις,
1270 2272 1537 2343 ’Υψιστος
1564 2291 1577 2305 ·
1616 2275 1925 2348 ἁρίθμησόν

333 2370 427 2424 μοι
472 2356 541 2409 τὰ
573 2358 902 2429 πράγματα,
947 2362 1042 2414 καὶ
1079 2362 1359 2434 εὑρίσκεις
1399 2365 1496 2418 ὅλα
1542 2366 1921 2439 ἡκριὸωμένα.

329 2444 400 2501 Τί
427 2446 540 2520 γάρ
564 2451 682 2503 ἐστι
704 2450 916 2517 ταῦτα;
956 2452 1282 2526 Ἀνθρωπος
1310 2457 1403 2510 ἐπὶ
1440 2458 1543 2529 γῆς
1562 2475 1577 2490 ·
1613 2458 1848 2527 ἄγγελος
1869 2462 1928 2513 ὲν

327 2538 585 2610 οὐρανῷ·
623 2542 849 2613 Πνεῦμα
881 2544 1059 2613 ἅγιον,
1098 2548 1195 2601 καὶ
1225 2548 1377 2615 Υἱὸς,
1419 2551 1517 2604 καὶ⁵
1553 2551 1769 2623 Πατήρ.
1806 2551 1928 2605 Ὂτ⁹

326 2629 398 2684 ἂν
422 2632 634 2706 ἁναϐῇς
664 2636 745 2699 είς
779 2635 881 2706 τὴν
909 2638 1110 2708 ἀρχὴν,
1139 2638 1241 2692 οὐκ
1277 2638 1359 2694 ἔτι
1381 2643 1584 2711 χωρεῖς
1616 2641 1924 2713 ἀνώτερον·

328 2723 493 2788 αὐτὸς
518 2725 628 2797 γάρ
666 2728 815 2780 ἐστιν
846 2729 876 2782 6
903 2728 1195 2797 ’⁷1⁸ψιστος,
1235 2724 1297 2784 οὗ
1322 2731 1477 2785 οὐδὲν
1503 2733 1779 2802 φαίνεται.
1805 2734 1929 2788 Τοί-

327 2829 427 2865 νυν
456 2814 533 2878 ὠς
573 2816 633 2868 ὲν
658 2816 737 2888 τῷ
779 2816 924 2888 λόγῳ
948 2817 1027 2888 τῷ
1056 2818 1099 2851 ¹¹
1146 2822 1275 2889 περὶ⁵
1315 2820 1586 2888 γενέσεως
1635 2823 1730 2876 τοῦ
1772 2823 1923 2891 Υἱοῦ,

327 2903 429 2958 ὅλα
459 2908 724 2979 συνῆπτε,
771 2910 868 2963 καὶ
896 2908 993 2963 ὅλα
1025 2911 1418 2980 κεκοινώνηκε,
1452 2914 1547 2967 καὶ
1585 2915 1665 2977 είς
1698 2915 1929 2986 ἑνότητα

331 3002 617 3073 συνῆλθεν.
659 3005 850 3058 Ἔστιν
876 3005 987 3078 γὰρ
1018 3006 1157 3077 μόνα
1183 3007 1391 3061 ταῦτα·
1427 3007 1684 3077 ἄγγελος,
1715 3009 1929 3081 ἄνθρωο

327 3109 451 3158 πος,
494 3094 722 3167 Πνεῦμα
775 3096 955 3166 ἅγιον,
1009 3099 1157 3163 Υἱὸς,
1196 3100 1292 3153 καὶ
1342 3100 1577 3172 Πατήρ·
1630 3102 1728 3155 καὶ
1775 3101 1928 3173 παρὰ

326 3183 526 3249 ταῦτα,
552 3185 690 3241 ἄλλα
717 3187 819 3244 οὐκ
852 3188 953 3244 ένι.
992 3191 1167 3261 Ἀφες
1201 3191 1313 3262 γάρ
1348 3209 1439 3263 μοι
1479 3191 1549 3247 τὰ
1577 3193 1750 3262 ἄλογα
1785 3192 1924 3259 ζῶα,

2035 646 2126 698 sed
2169 660 2306 714 Opus
2335 656 2418 701 est
2461 657 2519 700 ιιι
2566 647 2744 701 adhuc
2776 648 3019 701 sanctior
3055 647 3172 702 lias.
3221 648 3356 703 Nam
3393 658 3450 706 et
3497 668 3623 707 cum

2035 735 2185 791 faber
2224 737 2489 807 lignarios
2523 740 2692 794 sumit
2725 739 2950 807 lignum,
2999 752 3091 793 aut
3121 743 3351 798 mrarius
3387 745 3617 810 ferrum,

2035 826 2174 880 idem
2209 828 2373 881 etiam
2421 830 2722 899 citpoliunl,
2756 840 2809 884 et
2843 830 3021 900 aptius
3072 832 3137 884 ad
3179 848 3314 902 opus
3356 833 3616 889 eliiciunt.

2038 916 2103 971 Et
2127 929 2180 972 tu
2218 919 2385 990 igitur
2424 936 2483 976 es
2509 923 2729 990 quidem
2757 922 2911 991 virgo
2937 920 3015 991 (8)
3040 938 3054 988 ;
3084 922 3179 977 sed
3215 926 3462 980 sanctior
3495 942 3619 981 eva-

2034 1010 2131 1066 das
2164 1021 2401 1081 oportet,
2433 1021 2493 1067 ut
2524 1023 2780 1069 sanctum
2816 1015 2963 1068 illum
2994 1017 3296 1085 concipias.

2108 1121 2201 1179 IX.
2244 1122 2471 1193 Spiritus
2512 1136 2727 1180 sanctus
2771 1129 3095 1194 superveniet
3142 1130 3199 1183 in
3245 1139 3315 1194 te,
3360 1141 3406 1185 et
3457 1132 3625 1185 virtus

2035 1210 2299 1266 Altissimi
2347 1214 2678 1268 obumbrabit
2731 1216 2824 1270 tibi
2847 1217 2894 1271 ".
2951 1218 3067 1272 Duo
3124 1219 3303 1273 dicit:
3352 1219 3619 1290 Spiritum

2035 1314 2309 1372 sanctum,
2344 1317 2399 1359 et
2429 1306 2707 1361 virtutem.
2736 1308 2995 1373 Quaenam
3030 1309 3132 1364 ista
3167 1321 3247 1366 est
3282 1313 3498 1367 Virtus?
3527 1313 3623 1366 Dei

2047 1391 2225 1448 Virtus
2259 1407 2335 1449 est
2365 1394 2611 1451 Christus
2636 1414 2678 1451 ο.
2720 1396 2834 1452 Duo
2868 1399 3035 1468 igitur
3067 1402 3399 1467 adveniunt;
3427 1418 3625 1472 nempe

2034 1496 2092 1541 et
2142 1488 2386 1557 Spiritus
2444 1500 2690 1551 sanctus,
2738 1500 2793 1544 et
2841 1488 3093 1546 Christus
3142 1491 3234 1545 Dei
3288 1493 3616 1561 uuigcnitus.

2037 1579 2192 1646 Quod
2229 1583 2368 1636 enim
2396 1598 2462 1636 ex
2508 1591 2557 1636 te
2589 1584 2849 1651 nascitur,
2874 1595 3113 1638 sanctum
3142 1585 3434 1640 vocabitur.
3463 1585 3617 1650 Vide,

2034 1690 2240 1746 qumso,
2287 1678 2559 1745 quomodo
2619 1687 2788 1731 totum
2843 1676 2982 1750 (illa)
3030 1680 3294 1749 percepit,
3352 1678 3623 1747 Spiritum

2034 1778 2284 1824 sanctum
2317 1779 2371 1823 ct
2399 1769 2664 1823 Altissimi
2701 1770 2983 1825 virtutem.
3020 1770 3165 1825 Nihil
3214 1771 3438 1841 angelus
3476 1772 3620 1825 omi-

2034 1859 2126 1922 sit,
2169 1856 2305 1911 nihil
2339 1858 2529 1911 tacuit.
2567 1855 2804 1925 Spiritus
2843 1869 3057 1911 sanctus
3086 1860 3413 1927 superveniet
3459 1857 3513 1911 in
3546 1867 3617 1919 te,

2030 1958 2079 2003 et
2108 1950 2273 2002 virtus
2314 1948 2582 2001 Altissimi
2629 1948 2956 2002 obumbrabit
2998 1950 3115 2008 tibi.
3167 1948 3532 2004 circumdabit
3564 1961 3620 2003 et

2027 2040 2438 2097 circumvestiet
2490 2049 2560 2102 te,
2612 2049 2667 2095 et
2711 2042 3144 2113 circumquaque
3193 2052 3244 2097 te
3297 2042 3507 2114 cinget,
3558 2057 3621 2097 ac

2027 2132 2249 2188 vallabit
2278 2142 2351 2200 te,
2389 2142 2446 2189 et
2479 2134 2716 2204 tegimen
2759 2133 2856 2187 tibi
2896 2134 3021 2188 erit.

2101 2267 2169 2324 X.
2204 2265 2439 2337 Spiritus
2456 2276 2700 2331 sanctus,
2726 2266 2935 2330 Virtus.
2959 2266 3281 2322 Altissimus
3312 2283 3328 2322 :
3351 2281 3615 2323 enumera

2031 2360 2163 2415 inihi
2190 2360 2479 2428 ejusmodi,
2504 2370 2561 2414 et.
2590 2359 2846 2414 universa
2882 2360 3091 2430 reperis
3130 2369 3389 2416 accurate
3421 2375 3612 2416 recen-

2029 2455 2157 2509 sita.
2191 2451 2335 2509 Sane
2378 2467 2632 2524 qumnam
2660 2452 2777 2507 bzec
2808 2452 2978 2507 sunt?
3013 2451 3188 2508 llomo
3226 2453 3284 2508 in
3321 2461 3466 2509 terra
3502 2470 3518 2520 ;
3562 2456 3614 2508 in

2031 2545 2169 2601 coelo
2194 2545 2417 2616 angelus
2448 2562 2465 2611 ;
2498 2543 2741 2613 Spiritus
2771 2553 3019 2608 sanctus,
3039 2554 3093 2599 et
3126 2544 3318 2612 Filius,
3347 2553 3406 2600 et
3429 2543 3614 2601 Pater.

2029 2639 2480 2707 Quandoquidem
2509 2637 2553 2692 si
2592 2636 2807 2691 initium
2837 2652 3028 2691 versus
3049 2637 3337 2704 ascendas,
3369 2637 3618 2707 profecto

2032 2733 2195 2787 altius
2231 2747 2335 2786 non
2360 2743 2626 2785 excurres
2656 2746 2670 2790 :
2699 2729 2816 2799 ipso
2848 2730 2995 2784 enim
3050 2739 3136 2784 est
3161 2729 3495 2798 Altissimus,
3527 2732 3618 2799 qui

2031 2821 2190 2893 plane
2214 2819 2506 2876 invisibilis
2528 2828 2631 2874 est.
2666 2802 2837 2889 Igitur
2865 2833 2989 2874 cum
3019 2818 3198 2889 agitur
3223 2819 3289 2875 de
3309 2819 3429 2873 Filii
3448 2833 3617 2888 gene-

2033 2916 2264 2979 ratione,
2312 2912 2645 2982 colliguntur
2674 2910 2880 2976 omnia,
2939 2920 2995 2967 et
3035 2912 3221 2965 omnia
3259 2910 3616 2977 conveniunt,

2031 3005 2273 3076 atquein
2320 3005 2584 3060 unitatem
2616 3012 2974 3059 concurrunt.
3034 3002 3159 3057 [hec
3197 3003 3343 3058 enim
3371 3012 3614 3058 tantum-

2032 3099 2193 3153 modo
2228 3097 2538 3153 habentur:
2571 3096 2816 3167 angelus,
2860 3096 3046 3163 homo,
3099 3096 3338 3165 Spiritus
3368 3105 3617 3165 sanctus,

2032 3190 2225 3254 Filius,
2271 3199 2324 3245 et
2350 3187 2551 3257 Pater;
2580 3197 2636 3245 et
2690 3200 2889 3259 praeter
2946 3190 3084 3254 lucc,
3145 3190 3218 3243 nil
3265 3189 3409 3245 inest
3446 3190 3612 3245 aliud.

327 3273 367 3329 ἃ
398 3273 514 3329 ἐστι
554 3276 644 3331 διὰ
694 3279 786 3333 τὸν
825 3280 1150 3353 ἄνθρωπον·
1201 3283 1365 3353 λόγου
1418 3284 1480 3338 οὐ
1529 3287 1775 3359 μετέχει,
1820 3288 1921 3359 οὐχ

2031 3281 2372 3337 lrrationalia
2411 3281 2556 3336 enim
2589 3280 2675 3336 fac
2722 3280 2850 3335 mihi
2900 3281 3123 3336 omittas
3178 3281 3458 3343 animalia,
3491 3299 3614 3351 quae

322 3366 636 3440 ἁμαρτάνει
664 3370 728 3437 ¹³,
758 3372 820 3425 οὐ
848 3374 1116 3442 κρίνεται,
1143 3375 1204 3429 οὐ
1234 3377 1515 3449 κατορθοῖ,
1544 3380 1921 3435 οὖκιὲπαινεί-

325 3475 441 3525 ται,
486 3461 635 3533 ζωὴν
676 3463 898 3519 αἰώνιον
937 3468 1039 3521 οὐκ
1091 3467 1227 3539 ἔχει,
1280 3462 1382 3522 ὦδε
1427 3470 1638 3538 γίνεται
1686 3473 1782 3525 καὶ
1818 3467 1919 3527 ὦδε

325 3552 650 3610 ἀπόλλυται.
685 3557 1010 3628 Ἄνθρωπος
1035 3559 1093 3613 δὲ
1120 3559 1338 3629 λογικὸν
1361 3560 1526 3627 ζῶον,
1554 3562 1920 3632 βασιλικώτα·

324 3663 418 3701 τον
441 3647 551 3702 τῶν
579 3648 755 3713 ζώων,
786 3650 995 3720 κόσμου
1025 3651 1270 3723 πολίτης,
1305 3653 1496 3723 κύριος
1520 3652 1630 3706 τῶν
1662 3654 1704 3686 ⁸⁸
1731 3654 1799 3707 δι’
1831 3653 1919 3707 a6-

325 3738 420 3794 τὸν
471 3740 804 3811 γενομένων.
845 3744 1000 3797 Ἐπεὶ
1032 3744 1213 3802 τοίνυν
1248 3743 1424 3799 ταῦτά
1468 3746 1587 3798 ἐστι
1631 3745 1788 3816 μόνα,
1825 3744 1917 3799 ἆν-

325 3831 566 3900 θρωπος,
608 3834 864 3904 ἄγγελος,
898 3835 1129 3908 Πνεῦμα
1179 3838 1356 3907 ἅγιον,
1397 3837 1524 3902 Υἱὸς
1567 3839 1665 3891 καὶ⁵
1702 3838 1915 3909 Πατὴρ,

325 3928 449 3996 ὅρα,
473 3924 593 3988 πῶς
620 3926 892 3997 συνῆπται
917 3928 987 3981 τὰ
1018 3928 1341 3999 πράγματα·
1373 3927 1749 4000 Ἀνθρωποςή
1778 3931 1921 4000 Παρ-

323 4012 501 4077 θένος,
534 4014 806 4085 παρθένος
838 4015 1112 4087 παρθένου
1136 4015 1561 4086 ἀνακαλουμένη
1586 4014 1648 4068 τδ
1668 4014 1915 4085 σφάλμα·

324 4102 472 4174 ἔχεις
499 4105 788 4176 ἄνθρωπον
826 4106 927 4177 τὴν
962 4105 1244 4180 Παρθένον
1267 4120 1280 4132 ·
1317 4105 1549 4175 ἄγγελος
1574 4106 1603 4158 6
1634 4103 1914 4175 Γαϐριήλ·

326 4195 552 4264 Πνεῦμα
575 4196 730 4264 ἅγιον
761 4196 823 4250 τὸ
851 4196 1227 4269 ἐπερχόμενον
1249 4212 1263 4226 ·
1298 4196 1530 4267 δύναμις
1570 4194 1853 4265 Ὑψίστου,
1883 4195 1917 4266 ή

324 4287 727 4351 ἔπισκιάζουσα
771 4288 1023 4359 δύναμις.
1062 4290 1227 4360 Ὅρα,
1272 4287 1393 4353 πῶς
1443 4287 1521 4359 τῷ
1552 4286 1698 4357 λόγῳ
1751 4290 1810 4343 ὲν
1847 4290 1914 4359 τῇ

325 4380 543 4449 γενέσει
567 4379 665 4434 τοῦ
688 4381 899 4453 Κυρίου
923 4381 1189 4453 συνῆλθεν
1219 4381 1289 4435 τὰ
1308 4382 1463 4438 ὄντα.
1490 4380 1756 4450 Ἀγγελος
1780 4399 1917 4435 κατ-

323 4470 457 4541 ἦλθε
486 4471 626 4543 πρὸς
660 4472 759 4545 τὴν
802 4473 1113 4544 Παρθένον·
1145 4474 1375 4545 Πνεῦμα
1402 4473 1558 4543 ἅγιον
1593 4474 1914 4545 ἐπέρχεται·

324 4566 423 4619 καὶ⁸
456 4565 688 4634 δύναμις
732 4566 992 4637 Ὑψίστου
1038 4567 1386 4632 ἐπισκιάζει·
1423 4566 1587 4630 αὐτὸς
1613 4570 1642 4620 6
1693 4566 1917 4636 ὕψιστος

2025 3383 2155 3427 sunt
2183 3379 2404 3442 propter
2428 3371 2705 3426 hominem
2735 3388 2750 3438 ;
2785 3371 3014 3426 rationis
3050 3381 3179 3425 sunt
3208 3372 3477 3440 expertia,
3509 3389 3613 3425 non

2026 3476 2274 3533 peccant,
2321 3478 2428 3519 non
2481 3466 2723 3520 subeunt
2769 3462 3059 3532 judicium,
3120 3478 3270 3519 recta
3322 3462 3467 3518 facta
3511 3480 3615 3516 non

2026 3566 2250 3622 norunt,
2286 3571 2391 3611 non
2434 3557 2639 3613 habent
2667 3557 2909 3621 laudem,
2943 3558 3108 3612 vitam
3166 3573 3272 3613 non
3310 3558 3614 3612 sortiuntur

2026 3656 2303 3709 rteruain,
2329 3645 2457 3700 talia
2475 3638 2794 3710 nascuntur,
2821 3646 2949 3700 talia
2974 3647 3299 3702 moriuntur.
3329 3648 3431 3702 Ast
3455 3648 3617 3704 homo

2024 3738 2223 3794 animal
2253 3748 2339 3793 est
2366 3739 2576 3793 ratione
2622 3738 2934 3806 praeditum,
2967 3739 3327 3793 animantium
3367 3740 3617 3793 omnium

2022 3830 2451 3895 nobilissimum,
2492 3832 2677 3886 mundi
2719 3831 2879 3895 civis,
2924 3830 3180 3886 dominus
3241 3846 3432 3885 eorum
3489 3848 3619 3900 qua:

2022 3923 2074 3978 in
2098 3924 2327 3993 gratiam
2368 3923 2539 3994 ipsius
2568 3934 2753 3979 creata
2782 3932 2930 3980 sunt.
2982 3922 3257 3991 Quoniam
3289 3923 3460 3995 igitur
3494 3924 3611 3977 hac

2020 4014 2132 4068 sola
2171 4015 2459 4081 habentur,
2521 4016 2705 4083 homo,
2764 4016 3010 4085 angelus,
3072 4013 3313 4084 Spiritus
3363 4024 3611 4078 sanctus,

2020 4108 2210 4172 Filius,
2242 4116 2296 4162 et
2328 4106 2521 4173 Pater,
2575 4107 2699 4164 vide
2752 4109 3024 4178 quomodo
3076 4108 3193 4164 ιιωο
3237 4107 3292 4162 in
3346 4110 3608 4179 mysterio

2019 4198 2367 4254 conveniunt.
2402 4198 2575 4253 Homo
2605 4199 2800 4271 (adest)
2847 4198 3031 4269 Virgo,
3089 4199 3246 4270 virgo
3282 4214 3478 4269 nempe
3523 4200 3607 4256 la-

2020 4306 2175 4361 psum
2204 4290 2429 4359 virginis
2482 4306 2784 4359 reparans;
2845 4291 2896 4345 in
2936 4291 3157 4362 Virgine
3202 4292 3387 4361 itaque
3438 4292 3614 4346 habes

2023 4382 2296 4437 hominem
2324 4398 2339 4446 ;
2381 4382 2607 4452 angelus
2630 4382 2828 4454 (adest)
2857 4382 3078 4439 Gabriel
3104 4383 3377 4453 ;Spiritus
3392 4391 3609 4437 sanctus

2019 4481 2104 4526 est
2132 4471 2226 4541 qui
2257 4471 2574 4535 descendit;
2608 4472 2781 4527 virtus
2827 4472 3102 4528 Altissinii
3150 4483 3236 4527 est
3282 4474 3458 4528 virtus
3488 4488 3608 4542 quae

2019 4565 2331 4620 obumbrat.
2377 4562 2511 4621 Vide
2552 4565 2823 4635 quomodo
2862 4580 2989 4621 vere
3028 4567 3082 4623 in
3115 4569 3470 4637 generatione
3506 4566 3606 4622 Do-

322 4656 353 4712 6
384 4630 657 4730 γεννήσας
703 4630 1134 4729 τδννωονογενῆ,
1184 4630 1294 4714 καὶὴ
1326 4661 1715 4732 οἰκονομήσας,
1740 4630 1917 4713 ἀὑτὸν

2028 4657 2155 4711 mini
2194 4668 2464 4729 quotquot
2507 4669 2657 4725 sunt,
2693 4666 3051 4714 concurrant.
3106 4659 3348 4729 Angelus
3379 4659 3446 4713 ad
3483 4656 3607 4711 Vir-

325 4750 420 4803 καὶ
449 4751 515 4804 ἐκ
557 4750 837 4822 Παρθένου
886 4750 1168 4821 τεχθῆναι,
1205 4752 1292 4807 ἵνα
1322 4754 1351 4805 6
1381 4753 1438 4819 ἐξ
1477 4752 1656 4823 ἀρχῆς
1687 4751 1913 4821 σφαλεὶς

325 4836 412 4891 διὰ
434 4838 532 4908 τῆς
564 4836 733 4905 Εὔας,
765 4839 929 4904 αὐτὸς
951 4840 1193 4912 διασωθῇ
1213 4840 1302 4894 διὰ
1334 4841 1434 4913 τῆς
1470 4840 1788 4913 συλλήψεως
1811 4842 1911 4913 τῆς

327 4929 627 5001 Παρθένου.

2022 4746 2200 4815 ginem
2230 4746 2552 4802 descendit:
2606 4748 2845 4817 Spiritus
2897 4756 3123 4804 sanctus
3153 4748 3470 4818 supervenit
3502 4764 3516 4813 ;
3558 4758 3608 4802 ct

2020 4839 2191 4891 virtus
2218 4837 2484 4892 Altissimi
2511 4840 2805 4894 obumbrat
2838 4839 2955 4909 (9),
2996 4839 3310 4894 Altissimus
3361 4839 3475 4908 ipse
3499 4848 3607 4899 est,

2018 4930 2110 4999 qui
2142 4930 2475 5000 unigenitum
2522 4929 2717 4985 Filium
2758 4932 3066 5002 generavit,
3129 4941 3184 4986 et
3231 4931 3519 4987 constituit
3548 4940 3607 4982 ut

325 5038 355 5078 e
389 5020 609 5093 Virgine
656 5040 873 5098 quoque
900 5025 991 5082 hic
1042 5034 1423 5096 generaretur,
1454 5041 1564 5097 quo
1607 5026 1654 5083 is
1706 5026 1795 5096 qui
1834 5025 1903 5081 ab
1937 5024 2095 5081 initio
2109 5039 2206 5095 per
2237 5024 2401 5078 Evam
2458 5023 2717 5092 deceptus
2784 5025 2983 5090 fuerat,
3014 5024 3132 5094 ipse
3154 5039 3252 5092 per
3285 5031 3607 5091 conceptum

326 5114 564 5188 Virginis
593 5119 921 5176 salvaretur.

394 5258 422 5287 ιι
446 5249 580 5307 Luc.
612 5266 656 5320 ι,
686 5251 779 5307 35.
861 5251 930 5307 οι
960 5252 1088 5309 Cor.
1119 5268 1159 5318 ι,
1192 5252 1286 5308 24.

1610 5366 1845 5422 νΑιιιΑς
1887 5362 2297 5420 LECTIONES.

393 5479 416 5512 ⁹
442 5479 578 5535 Cod.
608 5482 954 5553 γεννόμενον.
1035 5485 1080 5518 ¹⁰
1104 5483 1238 5540 Cod.
1278 5485 1376 5557 μή.
1460 5486 1499 5516 ¹¹
1532 5482 1669 5539 Cod.
1706 5482 1925 5553 ἐνδύση.

2014 5482 2058 5514 ⁸³
2089 5478 2226 5535 Cod.
2254 5475 2371 5531 τοῦ.
2464 5476 2506 5508 ¹³
2538 5475 2674 5532 Cod.
2704 5476 2804 5529 οὐκ
2836 5477 3165 5548 ἁμαρτάνει.
3247 5477 3289 5509 ⁸⁸
3320 5476 3457 5531 Cod.
3490 5477 3602 5531 τόν.

396 5707 474 5777 (8)
513 5705 629 5761 Non
674 5719 900 5783 propter
948 5714 1193 5780 corporis
1247 5714 1605 5779 tantumng
1661 5712 1897 5769 maxime
2006 5713 2137 5767 Adae
2184 5710 3038 5783 praevaricationemmortalium
3083 5727 3256 5783 genus
3301 5713 3599 5783 excidisse.

327 5786 551 5853 propter
600 5779 797 5853 auium
843 5779 1234 5850 integritatem.
1263 5784 1406 5851 Ergo
1445 5786 1632 5838 habuit
1667 5784 1895 5853 Deipara

329 5846 469 5903 bauc
505 5847 891 5920 virginitatem,
939 5846 983 5910 ev
1013 5867 1117 5921 qua
1165 5855 1298 5911 dicit
1337 5846 1781 5927 Chrysostomus,
1827 5856 1896 5912 ob

2078 5783 2152 5853 (9)
2193 5783 2476 5855 Antipater
2517 5783 2633 5853 ipse
2664 5782 2923 5855 Virginis
2978 5781 3460 5840 obuiubrationem
3505 5781 3597 5836 Dei

2014 5852 2188 5911 Verbo
2213 5852 2488 5908 attribuit.
