  <div class='ocr_page' id='page_1' title='image "/cluster/home/n/w/nwhite01/storage/ocr_20150623/85/coo.31924054869866/900.png"; bbox 0 0 4086 6418; ppageno 0'>
   <div class='ocr_carea' id='block_1_1' title="bbox 334 364 1926 449">
    <p class='ocr_par' dir='ltr' id='par_1_1' title="bbox 334 364 1926 437">
     <span class='ocr_line' id='line_1_1' title="bbox 334 364 1926 437; baseline 0.005 -8"><span class='ocrx_word' id='word_1_1' title='bbox 334 364 401 431; x_wconf 81' lang='grc'><strong>17</strong></span> <span class='ocrx_word' id='word_1_2' title='bbox 446 368 479 427; x_wconf 82' lang='grc'>5</span> <span class='ocrx_word' id='word_1_3' title='bbox 1078 367 1410 429; x_wconf 76' lang='lat' dir='ltr'><strong>HOMILIA</strong></span> <span class='ocrx_word' id='word_1_4' title='bbox 1450 370 1533 431; x_wconf 90' lang='grc' dir='ltr'><strong>ΙΝ</strong></span> <span class='ocrx_word' id='word_1_5' title='bbox 1584 373 1691 436; x_wconf 91' lang='lat' dir='ltr'><strong>SS.</strong></span> <span class='ocrx_word' id='word_1_6' title='bbox 1731 372 1926 437; x_wconf 71' lang='lat' dir='ltr'><strong>DEIPJ</strong></span> 
     </span>
    </p>
   </div>
   <div class='ocr_carea' id='block_1_2' title="bbox 2025 364 3612 449">
    <p class='ocr_par' dir='ltr' id='par_1_2' title="bbox 2025 377 3612 449">
     <span class='ocr_line' id='line_1_2' title="bbox 2025 377 3612 449; baseline 0.006 -10"><span class='ocrx_word' id='word_1_7' title='bbox 2025 377 2086 439; x_wconf 67' lang='lat' dir='ltr'><strong>AZ</strong></span> <span class='ocrx_word' id='word_1_8' title='bbox 2120 379 2843 443; x_wconf 79' lang='lat' dir='ltr'><strong>ANNUN&#39;I&#39;IATIONEM.</strong></span> <span class='ocrx_word' id='word_1_9' title='bbox 3475 382 3612 449; x_wconf 78' lang='grc'><strong>1786</strong></span> 
     </span>
    </p>
   </div>
   <div class='ocr_carea' id='block_1_3' title="bbox 331 477 1926 560">
    <p class='ocr_par' dir='ltr' id='par_1_3' title="bbox 331 477 1923 557">
     <span class='ocr_line' id='line_1_3' title="bbox 331 477 1923 557; baseline 0.005 -22"><span class='ocrx_word' id='word_1_10' title='bbox 331 482 404 535; x_wconf 74' lang='grc' dir='ltr'>σὺ</span> <span class='ocrx_word' id='word_1_11' title='bbox 436 477 599 551; x_wconf 75' lang='grc' dir='ltr'>ἦλθες</span> <span class='ocrx_word' id='word_1_12' title='bbox 629 478 767 552; x_wconf 78' lang='grc' dir='ltr'>πρός</span> <span class='ocrx_word' id='word_1_13' title='bbox 811 496 914 550; x_wconf 85' lang='grc' dir='ltr'>με;</span> <span class='ocrx_word' id='word_1_14' title='bbox 953 480 1018 535; x_wconf 84' lang='grc' dir='ltr'><strong>σύ</strong></span> <span class='ocrx_word' id='word_1_15' title='bbox 1048 499 1117 553; x_wconf 87' lang='grc' dir='ltr'><strong>με</strong></span> <span class='ocrx_word' id='word_1_16' title='bbox 1146 483 1383 553; x_wconf 72' lang='grc' dir='ltr'>ἡσπάσω</span> <span class='ocrx_word' id='word_1_17' title='bbox 1423 485 1817 557; x_wconf 62' lang='grc' dir='ltr'>πῳλαόοῦσα;</span> <span class='ocrx_word' id='word_1_18' title='bbox 1850 488 1923 544; x_wconf 80' lang='grc' dir='ltr'>Σὺ</span> 
     </span>
    </p>
   </div>
   <div class='ocr_carea' id='block_1_4' title="bbox 2025 477 3610 560">
    <p class='ocr_par' dir='ltr' id='par_1_4' title="bbox 2030 493 3610 560">
     <span class='ocr_line' id='line_1_4' title="bbox 2030 493 3610 560; baseline 0.006 -14"><span class='ocrx_word' id='word_1_19' title='bbox 2030 501 2082 547; x_wconf 90' lang='lat' dir='ltr'><strong>te</strong></span> <span class='ocrx_word' id='word_1_20' title='bbox 2117 494 2305 550; x_wconf 81' lang='lat' dir='ltr'><strong>venire</strong></span> <span class='ocrx_word' id='word_1_21' title='bbox 2336 510 2353 560; x_wconf 89' lang='lat'><strong>;</strong></span> <span class='ocrx_word' id='word_1_22' title='bbox 2389 502 2447 550; x_wconf 87' lang='lat' dir='ltr'><strong>et</strong></span> <span class='ocrx_word' id='word_1_23' title='bbox 2474 502 2533 550; x_wconf 89' lang='lat' dir='ltr'><strong>tu</strong></span> <span class='ocrx_word' id='word_1_24' title='bbox 2574 495 2640 550; x_wconf 89' lang='lat' dir='ltr'><strong>ad</strong></span> <span class='ocrx_word' id='word_1_25' title='bbox 2687 510 2772 550; x_wconf 88' lang='lat' dir='ltr'><strong>me</strong></span> <span class='ocrx_word' id='word_1_26' title='bbox 2808 493 3003 550; x_wconf 85' lang='lat' dir='ltr'><strong>venisti</strong></span> <span class='ocrx_word' id='word_1_27' title='bbox 3032 494 3057 550; x_wconf 67' lang='grc' dir='ltr'>τ</span> <span class='ocrx_word' id='word_1_28' title='bbox 3085 493 3163 550; x_wconf 87' lang='lat' dir='ltr'><strong>Tu</strong></span> <span class='ocrx_word' id='word_1_29' title='bbox 3205 509 3291 552; x_wconf 91' lang='lat' dir='ltr'><strong>me</strong></span> <span class='ocrx_word' id='word_1_30' title='bbox 3320 496 3610 556; x_wconf 86' lang='lat' dir='ltr'><strong>salutando</strong></span> 
     </span>
    </p>
   </div>
   <div class='ocr_carea' id='block_1_5' title="bbox 328 568 1926 655">
    <p class='ocr_par' dir='ltr' id='par_1_5' title="bbox 328 568 1924 650">
     <span class='ocr_line' id='line_1_5' title="bbox 328 568 1924 650; baseline 0.005 -23"><span class='ocrx_word' id='word_1_31' title='bbox 328 572 394 627; x_wconf 72' lang='grc' dir='ltr'><strong>δὲ</strong></span> <span class='ocrx_word' id='word_1_32' title='bbox 426 568 477 625; x_wconf 72' lang='grc' dir='ltr'>εἴ</span> <span class='ocrx_word' id='word_1_33' title='bbox 510 572 852 644; x_wconf 77' lang='grc' dir='ltr'><strong>εὐλογημένη</strong></span> <span class='ocrx_word' id='word_1_34' title='bbox 896 574 955 626; x_wconf 81' lang='grc' dir='ltr'><strong>ἐν</strong></span> <span class='ocrx_word' id='word_1_35' title='bbox 997 575 1246 642; x_wconf 83' lang='grc' dir='ltr'>γυναιξί·</span> <span class='ocrx_word' id='word_1_36' title='bbox 1279 578 1589 647; x_wconf 87' lang='grc' dir='ltr'>μονογενῶς</span> <span class='ocrx_word' id='word_1_37' title='bbox 1623 580 1924 650; x_wconf 82' lang='grc' dir='ltr'>εὐλόγησαι</span> 
     </span>
    </p>
   </div>
   <div class='ocr_carea' id='block_1_6' title="bbox 2025 568 3608 655">
    <p class='ocr_par' dir='ltr' id='par_1_6' title="bbox 2029 585 3608 655">
     <span class='ocr_line' id='line_1_6' title="bbox 2029 585 3608 655; baseline 0.005 -16"><span class='ocrx_word' id='word_1_38' title='bbox 2029 585 2468 655; x_wconf 72' lang='lat' dir='ltr'><strong>pmoccupasti?</strong></span> <span class='ocrx_word' id='word_1_39' title='bbox 2503 586 2610 642; x_wconf 91' lang='lat' dir='ltr'><strong>Sed</strong></span> <span class='ocrx_word' id='word_1_40' title='bbox 2633 586 2920 643; x_wconf 76' lang='lat' dir='ltr'><strong>benedicta</strong></span> <span class='ocrx_word' id='word_1_41' title='bbox 2958 596 3013 640; x_wconf 92' lang='lat' dir='ltr'><strong>tu</strong></span> <span class='ocrx_word' id='word_1_42' title='bbox 3055 601 3115 641; x_wconf 88' lang='lat' dir='ltr'><strong>es</strong></span> <span class='ocrx_word' id='word_1_43' title='bbox 3158 587 3211 641; x_wconf 89' lang='lat' dir='ltr'><strong>in</strong></span> <span class='ocrx_word' id='word_1_44' title='bbox 3249 587 3608 647; x_wconf 78' lang='lat' dir='ltr'><strong>mulieribus:</strong></span> 
     </span>
    </p>
   </div>
   <div class='ocr_carea' id='block_1_7' title="bbox 328 665 1926 747">
    <p class='ocr_par' dir='ltr' id='par_1_7' title="bbox 328 665 1923 739">
     <span class='ocr_line' id='line_1_7' title="bbox 328 665 1923 739; baseline 0.003 -19"><span class='ocrx_word' id='word_1_45' title='bbox 328 665 618 735; x_wconf 75' lang='grc' dir='ltr'>Μονογενῆ</span> <span class='ocrx_word' id='word_1_46' title='bbox 662 665 946 720; x_wconf 80' lang='grc' dir='ltr'>τίκτουσα.</span> <span class='ocrx_word' id='word_1_47' title='bbox 1002 666 1280 737; x_wconf 79' lang='grc' dir='ltr'>Παρθένος</span> <span class='ocrx_word' id='word_1_48' title='bbox 1313 668 1452 739; x_wconf 89' lang='grc' dir='ltr'>μόνη</span> <span class='ocrx_word' id='word_1_49' title='bbox 1486 672 1551 724; x_wconf 87' lang='grc' dir='ltr'>σὺ</span> <span class='ocrx_word' id='word_1_50' title='bbox 1590 670 1828 735; x_wconf 85' lang='grc' dir='ltr'>τίκτεις·</span> <span class='ocrx_word' id='word_1_51' title='bbox 1859 672 1923 725; x_wconf 80' lang='grc' dir='ltr'>οὐ</span> 
     </span>
    </p>
   </div>
   <div class='ocr_carea' id='block_1_8' title="bbox 2025 665 3613 747">
    <p class='ocr_par' dir='ltr' id='par_1_8' title="bbox 2027 673 3613 747">
     <span class='ocr_line' id='line_1_8' title="bbox 2027 673 3613 747; baseline 0.001 -17"><span class='ocrx_word' id='word_1_52' title='bbox 2027 675 2200 730; x_wconf 89' lang='lat' dir='ltr'><strong>instar</strong></span> <span class='ocrx_word' id='word_1_53' title='bbox 2225 675 2520 745; x_wconf 72' lang='lat' dir='ltr'><strong>unigenitze</strong></span> <span class='ocrx_word' id='word_1_54' title='bbox 2546 675 2830 731; x_wconf 80' lang='lat' dir='ltr'><strong>benedicta</strong></span> <span class='ocrx_word' id='word_1_55' title='bbox 2881 673 3056 740; x_wconf 81' lang='lat' dir='ltr'><strong>fuisti,</strong></span> <span class='ocrx_word' id='word_1_56' title='bbox 3081 690 3204 745; x_wconf 82' lang='lat' dir='ltr'><strong>qua:</strong></span> <span class='ocrx_word' id='word_1_57' title='bbox 3246 676 3396 746; x_wconf 88' lang='lat' dir='ltr'><strong>paris</strong></span> <span class='ocrx_word' id='word_1_58' title='bbox 3419 678 3613 747; x_wconf 71' lang='lat' dir='ltr'><strong>unige-</strong></span> 
     </span>
    </p>
   </div>
   <div class='ocr_carea' id='block_1_9' title="bbox 332 756 1926 836">
    <p class='ocr_par' dir='ltr' id='par_1_9' title="bbox 332 756 1924 832">
     <span class='ocr_line' id='line_1_9' title="bbox 332 756 1924 832; baseline 0.005 -24"><span class='ocrx_word' id='word_1_59' title='bbox 332 756 660 826; x_wconf 76' lang='grc' dir='ltr'>συνείληφεν</span> <span class='ocrx_word' id='word_1_60' title='bbox 685 756 820 827; x_wconf 80' lang='grc' dir='ltr'>άλλη</span> <span class='ocrx_word' id='word_1_61' title='bbox 859 757 900 788; x_wconf 76' lang='grc'><strong>³⁷</strong></span> <span class='ocrx_word' id='word_1_62' title='bbox 934 757 1041 829; x_wconf 80' lang='grc' dir='ltr'><strong>πρὸ</strong></span> <span class='ocrx_word' id='word_1_63' title='bbox 1079 758 1199 823; x_wconf 88' lang='grc' dir='ltr'>σοῦ,</span> <span class='ocrx_word' id='word_1_64' title='bbox 1232 760 1294 812; x_wconf 79' lang='grc' dir='ltr'>οὐ</span> <span class='ocrx_word' id='word_1_65' title='bbox 1327 760 1664 831; x_wconf 71' lang='grc' dir='ltr'><strong>συλλήψεται</strong></span> <span class='ocrx_word' id='word_1_66' title='bbox 1691 763 1832 832; x_wconf 83' lang='grc' dir='ltr'><strong>μετά</strong></span> <span class='ocrx_word' id='word_1_67' title='bbox 1863 763 1924 816; x_wconf 75' lang='grc' dir='ltr'>σὲ</span> 
     </span>
    </p>
   </div>
   <div class='ocr_carea' id='block_1_10' title="bbox 2025 756 3610 836">
    <p class='ocr_par' dir='ltr' id='par_1_10' title="bbox 2027 764 3610 836">
     <span class='ocr_line' id='line_1_10' title="bbox 2027 764 3610 836; baseline 0 -17"><span class='ocrx_word' id='word_1_68' title='bbox 2027 765 2221 819; x_wconf 91' lang='lat' dir='ltr'><strong>nitum.</strong></span> <span class='ocrx_word' id='word_1_69' title='bbox 2281 764 2361 820; x_wconf 87' lang='lat' dir='ltr'><strong>Tu</strong></span> <span class='ocrx_word' id='word_1_70' title='bbox 2414 766 2528 821; x_wconf 83' lang='lat' dir='ltr'><strong>sola</strong></span> <span class='ocrx_word' id='word_1_71' title='bbox 2573 766 2817 834; x_wconf 87' lang='lat' dir='ltr'><strong>parturis</strong></span> <span class='ocrx_word' id='word_1_72' title='bbox 2871 765 3061 836; x_wconf 75' lang='lat' dir='ltr'><strong>virgo;</strong></span> <span class='ocrx_word' id='word_1_73' title='bbox 3127 781 3234 820; x_wconf 91' lang='lat' dir='ltr'><strong>non</strong></span> <span class='ocrx_word' id='word_1_74' title='bbox 3304 766 3409 820; x_wconf 88' lang='lat' dir='ltr'><strong>alia</strong></span> <span class='ocrx_word' id='word_1_75' title='bbox 3481 779 3610 821; x_wconf 80' lang='lat' dir='ltr'><strong>ante</strong></span> 
     </span>
    </p>
   </div>
   <div class='ocr_carea' id='block_1_11' title="bbox 331 848 1925 923">
    <p class='ocr_par' dir='ltr' id='par_1_11' title="bbox 331 848 1925 923">
     <span class='ocr_line' id='line_1_11' title="bbox 331 848 1925 923; baseline 0.004 -23"><span class='ocrx_word' id='word_1_76' title='bbox 331 848 609 920; x_wconf 77' lang='grc' dir='ltr'><strong>παρθένος</strong></span> <span class='ocrx_word' id='word_1_77' title='bbox 628 849 687 901; x_wconf 81' lang='grc' dir='ltr'><strong>ἐν</strong></span> <span class='ocrx_word' id='word_1_78' title='bbox 711 848 961 917; x_wconf 80' lang='grc' dir='ltr'>γυναιξίν</span> <span class='ocrx_word' id='word_1_79' title='bbox 985 865 999 880; x_wconf 78' lang='grc'><strong><em>⁸</em></strong></span> <span class='ocrx_word' id='word_1_80' title='bbox 1036 854 1094 904; x_wconf 90' lang='grc' dir='ltr'><strong>ἐν</strong></span> <span class='ocrx_word' id='word_1_81' title='bbox 1117 851 1224 922; x_wconf 79' lang='grc' dir='ltr'><strong>ὅλῳ</strong></span> <span class='ocrx_word' id='word_1_82' title='bbox 1252 851 1308 906; x_wconf 79' lang='grc' dir='ltr'><strong>δὲ</strong></span> <span class='ocrx_word' id='word_1_83' title='bbox 1334 850 1412 923; x_wconf 82' lang='grc' dir='ltr'>τῷ</span> <span class='ocrx_word' id='word_1_84' title='bbox 1438 853 1585 920; x_wconf 85' lang='grc' dir='ltr'><strong>γένει</strong></span> <span class='ocrx_word' id='word_1_85' title='bbox 1608 853 1720 907; x_wconf 86' lang='grc' dir='ltr'>τῶν</span> <span class='ocrx_word' id='word_1_86' title='bbox 1740 871 1925 922; x_wconf 88' lang='grc' dir='ltr'>γυναι-</span> 
     </span>
    </p>
   </div>
   <div class='ocr_carea' id='block_1_12' title="bbox 327 939 1923 1013">
    <p class='ocr_par' dir='ltr' id='par_1_12' title="bbox 327 939 1923 1013">
     <span class='ocr_line' id='line_1_12' title="bbox 327 939 1923 1013; baseline 0.006 -22"><span class='ocrx_word' id='word_1_87' title='bbox 327 939 447 991; x_wconf 78' lang='grc' dir='ltr'><strong>κῶν</strong></span> <span class='ocrx_word' id='word_1_88' title='bbox 483 941 617 1010; x_wconf 85' lang='grc' dir='ltr'>μόνη</span> <span class='ocrx_word' id='word_1_89' title='bbox 653 939 833 1004; x_wconf 78' lang='grc' dir='ltr'>οὕτως</span> <span class='ocrx_word' id='word_1_90' title='bbox 875 941 1220 1013; x_wconf 74' lang='grc' dir='ltr'>εὐλογημένη</span> <span class='ocrx_word' id='word_1_91' title='bbox 1262 944 1576 1013; x_wconf 80' lang='grc' dir='ltr'><strong>τυγχάνεις.</strong></span> <span class='ocrx_word' id='word_1_92' title='bbox 1610 944 1720 999; x_wconf 80' lang='grc' dir='ltr'><strong>Καὶ</strong></span> <span class='ocrx_word' id='word_1_93' title='bbox 1748 948 1923 1000; x_wconf 80' lang='grc' dir='ltr'>εὐλο-</span> 
     </span>
    </p>
   </div>
   <div class='ocr_carea' id='block_1_13' title="bbox 325 1029 1922 1108">
    <p class='ocr_par' dir='ltr' id='par_1_13' title="bbox 325 1029 1922 1108">
     <span class='ocr_line' id='line_1_13' title="bbox 325 1029 1922 1108; baseline 0.004 -25"><span class='ocrx_word' id='word_1_94' title='bbox 325 1029 592 1099; x_wconf 67' lang='grc' dir='ltr'>γημένος</span> <span class='ocrx_word' id='word_1_95' title='bbox 618 1033 651 1085; x_wconf 83' lang='grc' dir='ltr'><strong>ό</strong></span> <span class='ocrx_word' id='word_1_96' title='bbox 678 1035 910 1099; x_wconf 81' lang='grc' dir='ltr'>καρπὸς</span> <span class='ocrx_word' id='word_1_97' title='bbox 930 1031 1043 1102; x_wconf 83' lang='grc' dir='ltr'>τῆς</span> <span class='ocrx_word' id='word_1_98' title='bbox 1070 1036 1307 1100; x_wconf 72' lang='grc' dir='ltr'>κοιλίας</span> <span class='ocrx_word' id='word_1_99' title='bbox 1332 1050 1449 1088; x_wconf 89' lang='grc' dir='ltr'><strong>σου</strong></span> <span class='ocrx_word' id='word_1_100' title='bbox 1475 1051 1489 1065; x_wconf 92' lang='grc'><strong>·</strong></span> <span class='ocrx_word' id='word_1_101' title='bbox 1523 1036 1623 1105; x_wconf 83' lang='grc' dir='ltr'>οὐχ</span> <span class='ocrx_word' id='word_1_102' title='bbox 1650 1038 1678 1089; x_wconf 89' lang='grc' dir='ltr'><strong>ό</strong></span> <span class='ocrx_word' id='word_1_103' title='bbox 1710 1038 1922 1108; x_wconf 84' lang='grc' dir='ltr'>καρπὸς</span> 
     </span>
    </p>
   </div>
   <div class='ocr_carea' id='block_1_14' title="bbox 326 1120 1918 1197">
    <p class='ocr_par' dir='ltr' id='par_1_14' title="bbox 326 1120 1918 1197">
     <span class='ocr_line' id='line_1_14' title="bbox 326 1120 1918 1197; baseline 0.005 -24"><span class='ocrx_word' id='word_1_104' title='bbox 326 1120 427 1174; x_wconf 88' lang='grc' dir='ltr'><strong>τοῦ</strong></span> <span class='ocrx_word' id='word_1_105' title='bbox 452 1122 529 1193; x_wconf 56' lang='grc' dir='ltr'>μὴ</span> <span class='ocrx_word' id='word_1_106' title='bbox 557 1122 753 1192; x_wconf 82' lang='grc' dir='ltr'>ἀνδρός</span> <span class='ocrx_word' id='word_1_107' title='bbox 782 1139 876 1176; x_wconf 89' lang='grc' dir='ltr'><strong>σου</strong></span> <span class='ocrx_word' id='word_1_108' title='bbox 894 1142 906 1154; x_wconf 86' lang='grc'><strong>·</strong></span> <span class='ocrx_word' id='word_1_109' title='bbox 944 1124 1006 1177; x_wconf 84' lang='grc' dir='ltr'>οὑ</span> <span class='ocrx_word' id='word_1_110' title='bbox 1050 1126 1160 1196; x_wconf 74' lang='grc' dir='ltr'><strong>γὰρ</strong></span> <span class='ocrx_word' id='word_1_111' title='bbox 1190 1125 1251 1191; x_wconf 78' lang='grc' dir='ltr'>ἐξ</span> <span class='ocrx_word' id='word_1_112' title='bbox 1280 1125 1473 1197; x_wconf 81' lang='grc' dir='ltr'>ἀνδρὸς</span> <span class='ocrx_word' id='word_1_113' title='bbox 1515 1126 1578 1180; x_wconf 80' lang='grc' dir='ltr'>τὸ</span> <span class='ocrx_word' id='word_1_114' title='bbox 1607 1126 1918 1196; x_wconf 88' lang='grc' dir='ltr'>γινόμενον,</span> 
     </span>
    </p>
   </div>
   <div class='ocr_carea' id='block_1_15' title="bbox 324 1210 1073 1278">
    <p class='ocr_par' dir='ltr' id='par_1_15' title="bbox 324 1210 1073 1278">
     <span class='ocr_line' id='line_1_15' title="bbox 324 1210 1073 1278; baseline 0.003 -13"><span class='ocrx_word' id='word_1_115' title='bbox 324 1210 447 1265; x_wconf 72' lang='grc' dir='ltr'>ἀλλ’</span> <span class='ocrx_word' id='word_1_116' title='bbox 482 1213 548 1264; x_wconf 81' lang='grc' dir='ltr'><strong>ἐκ</strong></span> <span class='ocrx_word' id='word_1_117' title='bbox 578 1213 677 1278; x_wconf 77' lang='grc' dir='ltr'>τῆς</span> <span class='ocrx_word' id='word_1_118' title='bbox 710 1212 920 1277; x_wconf 81' lang='grc' dir='ltr'>κοιλίας</span> <span class='ocrx_word' id='word_1_119' title='bbox 956 1229 1073 1269; x_wconf 89' lang='grc' dir='ltr'>σου.</span> 
     </span>
    </p>
   </div>
   <div class='ocr_carea' id='block_1_16' title="bbox 404 1393 1918 1470">
    <p class='ocr_par' dir='ltr' id='par_1_16' title="bbox 404 1393 1918 1470">
     <span class='ocr_line' id='line_1_16' title="bbox 404 1393 1918 1470; baseline 0.003 -21"><span class='ocrx_word' id='word_1_120' title='bbox 404 1393 506 1449; x_wconf 85' lang='lat' dir='ltr'><strong>lE&#39;.</strong></span> <span class='ocrx_word' id='word_1_121' title='bbox 542 1396 684 1465; x_wconf 84' lang='grc' dir='ltr'>Ὅρα</span> <span class='ocrx_word' id='word_1_122' title='bbox 714 1395 813 1466; x_wconf 85' lang='grc' dir='ltr'>τὴν</span> <span class='ocrx_word' id='word_1_123' title='bbox 857 1397 1073 1468; x_wconf 83' lang='grc' dir='ltr'>μητέρα</span> <span class='ocrx_word' id='word_1_124' title='bbox 1105 1398 1202 1451; x_wconf 89' lang='grc' dir='ltr'><strong>τοῦ</strong></span> <span class='ocrx_word' id='word_1_125' title='bbox 1241 1398 1514 1467; x_wconf 82' lang='grc' dir='ltr'>Ἰωάννου,</span> <span class='ocrx_word' id='word_1_126' title='bbox 1548 1401 1709 1454; x_wconf 85' lang='grc' dir='ltr'>ὁποῖα</span> <span class='ocrx_word' id='word_1_127' title='bbox 1747 1400 1918 1470; x_wconf 80' lang='grc' dir='ltr'>φθέγ-</span> 
     </span>
    </p>
   </div>
   <div class='ocr_carea' id='block_1_17' title="bbox 326 1484 1917 1561">
    <p class='ocr_par' dir='ltr' id='par_1_17' title="bbox 326 1484 1917 1561">
     <span class='ocr_line' id='line_1_17' title="bbox 326 1484 1917 1561; baseline 0.006 -25"><span class='ocrx_word' id='word_1_128' title='bbox 326 1501 509 1551; x_wconf 79' lang='grc' dir='ltr'>γεται,</span> <span class='ocrx_word' id='word_1_129' title='bbox 538 1484 678 1538; x_wconf 86' lang='grc' dir='ltr'>Πνεύ</span> <span class='ocrx_word' id='word_1_130' title='bbox 688 1503 857 1556; x_wconf 79' lang='grc' dir='ltr'>ματος</span> <span class='ocrx_word' id='word_1_131' title='bbox 886 1487 1046 1555; x_wconf 80' lang='grc' dir='ltr'>ἁγίου</span> <span class='ocrx_word' id='word_1_132' title='bbox 1072 1488 1443 1561; x_wconf 83' lang='grc' dir='ltr'>πληρωθεῖσα.</span> <span class='ocrx_word' id='word_1_133' title='bbox 1460 1492 1567 1545; x_wconf 79' lang='lat' dir='ltr'><strong>Kal</strong></span> <span class='ocrx_word' id='word_1_134' title='bbox 1592 1492 1779 1545; x_wconf 78' lang='grc' dir='ltr'>πόθεν</span> <span class='ocrx_word' id='word_1_135' title='bbox 1791 1510 1917 1561; x_wconf 82' lang='grc' dir='ltr'>μοι,</span> 
     </span>
    </p>
   </div>
   <div class='ocr_carea' id='block_1_18' title="bbox 327 1576 1920 1655">
    <p class='ocr_par' dir='ltr' id='par_1_18' title="bbox 327 1576 1920 1655">
     <span class='ocr_line' id='line_1_18' title="bbox 327 1576 1920 1655; baseline 0.004 -25"><span class='ocrx_word' id='word_1_136' title='bbox 327 1577 434 1631; x_wconf 77' lang='lat' dir='ltr'><strong>Ira</strong></span> <span class='ocrx_word' id='word_1_137' title='bbox 469 1576 620 1645; x_wconf 74' lang='grc' dir='ltr'><strong>ἔλθῃ</strong></span> <span class='ocrx_word' id='word_1_138' title='bbox 645 1577 684 1645; x_wconf 81' lang='grc' dir='ltr'><strong><em>ή</em></strong></span> <span class='ocrx_word' id='word_1_139' title='bbox 711 1578 913 1647; x_wconf 75' lang='grc' dir='ltr'>μήτηρ</span> <span class='ocrx_word' id='word_1_140' title='bbox 938 1580 1047 1634; x_wconf 79' lang='grc' dir='ltr'><strong>τοῦ</strong></span> <span class='ocrx_word' id='word_1_141' title='bbox 1071 1584 1296 1649; x_wconf 79' lang='grc' dir='ltr'>Κυρίου</span> <span class='ocrx_word' id='word_1_142' title='bbox 1313 1601 1433 1652; x_wconf 80' lang='grc' dir='ltr'><strong>μου</strong></span> <span class='ocrx_word' id='word_1_143' title='bbox 1468 1586 1619 1652; x_wconf 75' lang='grc' dir='ltr'>πρός</span> <span class='ocrx_word' id='word_1_144' title='bbox 1639 1601 1747 1651; x_wconf 82' lang='grc' dir='ltr'>ιιε;</span> <span class='ocrx_word' id='word_1_145' title='bbox 1770 1585 1920 1655; x_wconf 83' lang='grc' dir='ltr'>Παρ-</span> 
     </span>
    </p>
   </div>
   <div class='ocr_carea' id='block_1_19' title="bbox 328 1667 1920 1747">
    <p class='ocr_par' dir='ltr' id='par_1_19' title="bbox 328 1667 1920 1747">
     <span class='ocr_line' id='line_1_19' title="bbox 328 1667 1920 1747; baseline 0.006 -26"><span class='ocrx_word' id='word_1_146' title='bbox 328 1667 483 1723; x_wconf 83' lang='grc' dir='ltr'>θένον</span> <span class='ocrx_word' id='word_1_147' title='bbox 508 1670 630 1740; x_wconf 72' lang='grc' dir='ltr'>ὁρᾷ,</span> <span class='ocrx_word' id='word_1_148' title='bbox 658 1670 754 1723; x_wconf 75' lang='grc' dir='ltr'><strong>καὶ</strong></span> <span class='ocrx_word' id='word_1_149' title='bbox 787 1672 1006 1743; x_wconf 79' lang='grc' dir='ltr'>μητέρα</span> <span class='ocrx_word' id='word_1_150' title='bbox 1038 1673 1215 1736; x_wconf 80' lang='grc' dir='ltr'>καλεῖ,</span> <span class='ocrx_word' id='word_1_151' title='bbox 1244 1675 1526 1744; x_wconf 81' lang='grc' dir='ltr'>φθάνουσα</span> <span class='ocrx_word' id='word_1_152' title='bbox 1560 1675 1920 1747; x_wconf 76' lang='grc' dir='ltr'><strong>προφητικῶς</strong></span> 
     </span>
    </p>
   </div>
   <div class='ocr_carea' id='block_1_20' title="bbox 323 1761 1916 1840">
    <p class='ocr_par' dir='ltr' id='par_1_20' title="bbox 323 1761 1916 1840">
     <span class='ocr_line' id='line_1_20' title="bbox 323 1761 1916 1840; baseline 0.004 -26"><span class='ocrx_word' id='word_1_153' title='bbox 323 1761 406 1831; x_wconf 78' lang='grc' dir='ltr'><strong>τῷ</strong></span> <span class='ocrx_word' id='word_1_154' title='bbox 422 1761 566 1832; x_wconf 83' lang='grc' dir='ltr'>λόγῳ</span> <span class='ocrx_word' id='word_1_155' title='bbox 580 1762 677 1832; x_wconf 85' lang='grc' dir='ltr'>τὴν</span> <span class='ocrx_word' id='word_1_156' title='bbox 694 1762 921 1816; x_wconf 73' lang='grc' dir='ltr'>ἔκϐασιν</span> <span class='ocrx_word' id='word_1_157' title='bbox 938 1780 952 1794; x_wconf 88' lang='grc'><strong>·</strong></span> <span class='ocrx_word' id='word_1_158' title='bbox 971 1768 1067 1819; x_wconf 82' lang='grc' dir='ltr'><strong>καὶ</strong></span> <span class='ocrx_word' id='word_1_159' title='bbox 1084 1768 1129 1835; x_wconf 60' lang='grc' dir='ltr'><strong>ήε</strong></span> <span class='ocrx_word' id='word_1_160' title='bbox 1136 1767 1365 1837; x_wconf 84' lang='grc' dir='ltr'>μηδέπω</span> <span class='ocrx_word' id='word_1_161' title='bbox 1384 1769 1566 1839; x_wconf 83' lang='grc' dir='ltr'><strong>μήτηρ</strong></span> <span class='ocrx_word' id='word_1_162' title='bbox 1582 1768 1916 1840; x_wconf 84' lang='grc' dir='ltr'>καλουμένη,</span> 
     </span>
    </p>
   </div>
   <div class='ocr_carea' id='block_1_21' title="bbox 327 1841 1993 1930">
    <p class='ocr_par' dir='ltr' id='par_1_21' title="bbox 327 1841 1993 1930">
     <span class='ocr_line' id='line_1_21' title="bbox 327 1841 1993 1930; baseline 0.004 -25"><span class='ocrx_word' id='word_1_163' title='bbox 327 1852 510 1906; x_wconf 76' lang='grc' dir='ltr'>καίτοι</span> <span class='ocrx_word' id='word_1_164' title='bbox 536 1851 702 1905; x_wconf 82' lang='grc' dir='ltr'>πάλαι</span> <span class='ocrx_word' id='word_1_165' title='bbox 733 1854 1111 1925; x_wconf 77' lang='grc' dir='ltr'>συνειληφυῖα,</span> <span class='ocrx_word' id='word_1_166' title='bbox 1140 1858 1351 1929; x_wconf 78' lang='grc' dir='ltr'>μητέρα</span> <span class='ocrx_word' id='word_1_167' title='bbox 1375 1858 1533 1912; x_wconf 83' lang='grc' dir='ltr'><strong>καλεῖ</strong></span> <span class='ocrx_word' id='word_1_168' title='bbox 1550 1859 1651 1930; x_wconf 74' lang='grc' dir='ltr'>τὴν</span> <span class='ocrx_word' id='word_1_169' title='bbox 1672 1859 1752 1915; x_wconf 77' lang='grc' dir='ltr'>ἔτι</span> <span class='ocrx_word' id='word_1_170' title='bbox 1778 1876 1920 1930; x_wconf 86' lang='grc' dir='ltr'>παρ-</span> <span class='ocrx_word' id='word_1_171' title='bbox 1952 1841 1993 1900; x_wconf 75' lang='grc' dir='ltr'><strong>Β</strong></span> 
     </span>
    </p>
   </div>
   <div class='ocr_carea' id='block_1_22' title="bbox 329 1942 1917 2023">
    <p class='ocr_par' dir='ltr' id='par_1_22' title="bbox 329 1942 1917 2023">
     <span class='ocr_line' id='line_1_22' title="bbox 329 1942 1917 2023; baseline 0.004 -26"><span class='ocrx_word' id='word_1_172' title='bbox 329 1942 505 1998; x_wconf 82' lang='grc' dir='ltr'>θένον.</span> <span class='ocrx_word' id='word_1_173' title='bbox 542 1945 652 1997; x_wconf 81' lang='grc' dir='ltr'><strong>Καὶ</strong></span> <span class='ocrx_word' id='word_1_174' title='bbox 680 1945 908 2014; x_wconf 80' lang='grc' dir='ltr'>γέγονεν</span> <span class='ocrx_word' id='word_1_175' title='bbox 943 1947 978 2017; x_wconf 77' lang='grc' dir='ltr'>ἡ</span> <span class='ocrx_word' id='word_1_176' title='bbox 1009 1947 1200 2018; x_wconf 88' lang='grc' dir='ltr'>στείρα</span> <span class='ocrx_word' id='word_1_177' title='bbox 1232 1950 1334 2018; x_wconf 80' lang='grc' dir='ltr'>τῆς</span> <span class='ocrx_word' id='word_1_178' title='bbox 1369 1950 1652 2023; x_wconf 78' lang='grc' dir='ltr'>Παρθένου</span> <span class='ocrx_word' id='word_1_179' title='bbox 1683 1951 1917 2023; x_wconf 84' lang='grc' dir='ltr'>πρόδρο-</span> 
     </span>
    </p>
   </div>
   <div class='ocr_carea' id='block_1_23' title="bbox 331 2036 1294 2113">
    <p class='ocr_par' dir='ltr' id='par_1_23' title="bbox 331 2036 1294 2113">
     <span class='ocr_line' id='line_1_23' title="bbox 331 2036 1294 2113; baseline 0.009 -26"><span class='ocrx_word' id='word_1_180' title='bbox 331 2053 456 2106; x_wconf 82' lang='grc' dir='ltr'>μος,</span> <span class='ocrx_word' id='word_1_181' title='bbox 484 2036 559 2100; x_wconf 84' lang='grc' dir='ltr'>ὡς</span> <span class='ocrx_word' id='word_1_182' title='bbox 592 2036 686 2091; x_wconf 88' lang='grc' dir='ltr'><strong>τοῦ</strong></span> <span class='ocrx_word' id='word_1_183' title='bbox 715 2039 974 2111; x_wconf 77' lang='grc' dir='ltr'>Σωτῆρος</span> <span class='ocrx_word' id='word_1_184' title='bbox 1018 2040 1294 2113; x_wconf 81' lang='grc' dir='ltr'>Ἰωάννης.</span> 
     </span>
    </p>
   </div>
   <div class='ocr_carea' id='block_1_24' title="bbox 411 2216 1917 2293">
    <p class='ocr_par' dir='ltr' id='par_1_24' title="bbox 411 2216 1917 2293">
     <span class='ocr_line' id='line_1_24' title="bbox 411 2216 1917 2293; baseline 0.006 -24"><span class='ocrx_word' id='word_1_185' title='bbox 411 2216 477 2270; x_wconf 84' lang='grc' dir='ltr'><strong>Ἦ</strong></span> <span class='ocrx_word' id='word_1_186' title='bbox 508 2217 566 2271; x_wconf 84' lang='grc' dir='ltr'><strong>δὲ</strong></span> <span class='ocrx_word' id='word_1_187' title='bbox 594 2219 785 2291; x_wconf 82' lang='grc' dir='ltr'>Μαρια</span> <span class='ocrx_word' id='word_1_188' title='bbox 810 2222 1153 2293; x_wconf 79' lang='grc' dir='ltr'>πανταχόθεν</span> <span class='ocrx_word' id='word_1_189' title='bbox 1202 2222 1611 2292; x_wconf 81' lang='grc' dir='ltr'>εὐηγγελίζετο.</span> <span class='ocrx_word' id='word_1_190' title='bbox 1658 2223 1917 2293; x_wconf 81' lang='grc' dir='ltr'>Ἀγγέλου</span> 
     </span>
    </p>
   </div>
   <div class='ocr_carea' id='block_1_25' title="bbox 331 2307 1923 2385">
    <p class='ocr_par' dir='ltr' id='par_1_25' title="bbox 331 2307 1923 2385">
     <span class='ocr_line' id='line_1_25' title="bbox 331 2307 1923 2385; baseline 0.004 -24"><span class='ocrx_word' id='word_1_191' title='bbox 331 2307 434 2377; x_wconf 84' lang='grc' dir='ltr'>μὲν</span> <span class='ocrx_word' id='word_1_192' title='bbox 479 2309 715 2379; x_wconf 76' lang='grc' dir='ltr'>ἀνήκοος</span> <span class='ocrx_word' id='word_1_193' title='bbox 764 2310 1055 2383; x_wconf 80' lang='grc' dir='ltr'>γενομένη,</span> <span class='ocrx_word' id='word_1_194' title='bbox 1090 2313 1188 2383; x_wconf 71' lang='grc' dir='ltr'><strong>τῇς</strong></span> <span class='ocrx_word' id='word_1_195' title='bbox 1224 2310 1281 2363; x_wconf 77' lang='grc' dir='ltr'><strong>δὲ</strong></span> <span class='ocrx_word' id='word_1_196' title='bbox 1320 2311 1617 2381; x_wconf 85' lang='grc' dir='ltr'>συγγενοῦς</span> <span class='ocrx_word' id='word_1_197' title='bbox 1643 2312 1711 2365; x_wconf 78' lang='grc' dir='ltr'><strong>τὰ</strong></span> <span class='ocrx_word' id='word_1_198' title='bbox 1742 2330 1923 2385; x_wconf 87' lang='grc' dir='ltr'>παρα-</span> 
     </span>
    </p>
   </div>
   <div class='ocr_carea' id='block_1_26' title="bbox 328 2399 1922 2475">
    <p class='ocr_par' dir='ltr' id='par_1_26' title="bbox 328 2399 1922 2475">
     <span class='ocr_line' id='line_1_26' title="bbox 328 2399 1922 2475; baseline 0.005 -24"><span class='ocrx_word' id='word_1_199' title='bbox 328 2399 542 2469; x_wconf 74' lang='grc' dir='ltr'>πλήσια</span> <span class='ocrx_word' id='word_1_200' title='bbox 589 2399 1023 2473; x_wconf 78' lang='grc' dir='ltr'>διαλεγομένης,</span> <span class='ocrx_word' id='word_1_201' title='bbox 1079 2402 1468 2474; x_wconf 79' lang='grc' dir='ltr'>προστιθείσης</span> <span class='ocrx_word' id='word_1_202' title='bbox 1510 2403 1593 2468; x_wconf 83' lang='grc' dir='ltr'>τὸ,</span> <span class='ocrx_word' id='word_1_203' title='bbox 1644 2405 1922 2475; x_wconf 81' lang='grc' dir='ltr'>Μακαρία</span> 
     </span>
    </p>
   </div>
   <div class='ocr_carea' id='block_1_27' title="bbox 325 2491 1921 2561">
    <p class='ocr_par' dir='ltr' id='par_1_27' title="bbox 325 2491 1921 2561">
     <span class='ocr_line' id='line_1_27' title="bbox 325 2491 1921 2561; baseline 0.002 -14"><span class='ocrx_word' id='word_1_204' title='bbox 325 2491 366 2559; x_wconf 69' lang='grc' dir='ltr'>ἢ</span> <span class='ocrx_word' id='word_1_205' title='bbox 416 2493 832 2548; x_wconf 80' lang='grc' dir='ltr'>πιστεύσασα·</span> <span class='ocrx_word' id='word_1_206' title='bbox 879 2493 967 2547; x_wconf 86' lang='grc' dir='ltr'>ὅτι</span> <span class='ocrx_word' id='word_1_207' title='bbox 1011 2494 1186 2550; x_wconf 77' lang='grc' dir='ltr'>ἔσται</span> <span class='ocrx_word' id='word_1_208' title='bbox 1223 2495 1534 2561; x_wconf 77' lang='grc' dir='ltr'>τελείωσις</span> <span class='ocrx_word' id='word_1_209' title='bbox 1570 2494 1697 2561; x_wconf 78' lang='grc' dir='ltr'>τοῖς</span> <span class='ocrx_word' id='word_1_210' title='bbox 1737 2499 1921 2550; x_wconf 72' lang='grc' dir='ltr'>λελα-</span> 
     </span>
    </p>
   </div>
   <div class='ocr_carea' id='block_1_28' title="bbox 328 2581 1925 2657">
    <p class='ocr_par' dir='ltr' id='par_1_28' title="bbox 328 2581 1925 2657">
     <span class='ocr_line' id='line_1_28' title="bbox 328 2581 1925 2657; baseline 0.001 -19"><span class='ocrx_word' id='word_1_211' title='bbox 328 2581 630 2651; x_wconf 72' lang='grc' dir='ltr'>λημένοις</span> <span class='ocrx_word' id='word_1_212' title='bbox 666 2581 822 2652; x_wconf 78' lang='grc' dir='ltr'>αὐτῇ</span> <span class='ocrx_word' id='word_1_213' title='bbox 852 2585 1016 2654; x_wconf 81' lang='grc' dir='ltr'>παρὰ</span> <span class='ocrx_word' id='word_1_214' title='bbox 1046 2586 1290 2653; x_wconf 65' lang='grc' dir='ltr'>Κιιρίου,</span> <span class='ocrx_word' id='word_1_215' title='bbox 1312 2584 1637 2655; x_wconf 77' lang='grc' dir='ltr'>βεόαιοτέρα</span> <span class='ocrx_word' id='word_1_216' title='bbox 1663 2585 1800 2655; x_wconf 78' lang='grc' dir='ltr'>πρὸς</span> <span class='ocrx_word' id='word_1_217' title='bbox 1825 2586 1925 2657; x_wconf 76' lang='grc' dir='ltr'>τὴν</span> 
     </span>
    </p>
   </div>
   <div class='ocr_carea' id='block_1_29' title="bbox 328 2670 1917 2748">
    <p class='ocr_par' dir='ltr' id='par_1_29' title="bbox 328 2670 1917 2748">
     <span class='ocr_line' id='line_1_29' title="bbox 328 2670 1917 2748; baseline 0.001 -20"><span class='ocrx_word' id='word_1_218' title='bbox 328 2674 520 2729; x_wconf 78' lang='grc' dir='ltr'>πίστιν</span> <span class='ocrx_word' id='word_1_219' title='bbox 580 2676 820 2745; x_wconf 83' lang='grc' dir='ltr'>ἐγένετο,</span> <span class='ocrx_word' id='word_1_220' title='bbox 858 2670 933 2730; x_wconf 83' lang='grc' dir='ltr'><strong>ὧν</strong></span> <span class='ocrx_word' id='word_1_221' title='bbox 965 2678 1176 2748; x_wconf 67' lang='grc' dir='ltr'>ἤκουσε</span> <span class='ocrx_word' id='word_1_222' title='bbox 1224 2676 1378 2748; x_wconf 76' lang='grc' dir='ltr'>παρὰ</span> <span class='ocrx_word' id='word_1_223' title='bbox 1419 2676 1516 2730; x_wconf 86' lang='grc' dir='ltr'><strong>τοῦ</strong></span> <span class='ocrx_word' id='word_1_224' title='bbox 1554 2676 1917 2748; x_wconf 81' lang='grc' dir='ltr'>ἀρχαγγέλου,</span> 
     </span>
    </p>
   </div>
   <div class='ocr_carea' id='block_1_30' title="bbox 330 2765 1926 2841">
    <p class='ocr_par' dir='ltr' id='par_1_30' title="bbox 330 2765 1926 2841">
     <span class='ocr_line' id='line_1_30' title="bbox 330 2765 1926 2841; baseline 0.001 -21"><span class='ocrx_word' id='word_1_225' title='bbox 330 2765 760 2838; x_wconf 74' lang='grc' dir='ltr'>μακαριζομένη</span> <span class='ocrx_word' id='word_1_226' title='bbox 790 2768 887 2821; x_wconf 80' lang='grc' dir='ltr'>ἐὰν</span> <span class='ocrx_word' id='word_1_227' title='bbox 919 2768 1213 2839; x_wconf 77' lang='grc' dir='ltr'>πιστεύσῃ,</span> <span class='ocrx_word' id='word_1_228' title='bbox 1249 2768 1487 2837; x_wconf 77' lang='grc' dir='ltr'>ἀγγέλου</span> <span class='ocrx_word' id='word_1_229' title='bbox 1522 2784 1583 2821; x_wconf 88' lang='grc' dir='ltr'><strong>τε</strong></span> <span class='ocrx_word' id='word_1_230' title='bbox 1613 2767 1926 2841; x_wconf 83' lang='grc' dir='ltr'>προσημαί-</span> 
     </span>
    </p>
   </div>
   <div class='ocr_carea' id='block_1_31' title="bbox 327 2858 1925 2932">
    <p class='ocr_par' dir='ltr' id='par_1_31' title="bbox 327 2858 1925 2932">
     <span class='ocr_line' id='line_1_31' title="bbox 327 2858 1925 2932; baseline 0.001 -20"><span class='ocrx_word' id='word_1_231' title='bbox 327 2875 539 2926; x_wconf 74' lang='grc' dir='ltr'>νοντος,</span> <span class='ocrx_word' id='word_1_232' title='bbox 571 2860 787 2929; x_wconf 76' lang='grc' dir='ltr'>καὶτῆς</span> <span class='ocrx_word' id='word_1_233' title='bbox 814 2859 1113 2929; x_wconf 80' lang='grc' dir='ltr'>συγγενοῦς</span> <span class='ocrx_word' id='word_1_234' title='bbox 1144 2861 1508 2931; x_wconf 81' lang='grc' dir='ltr'>παραπλήσια</span> <span class='ocrx_word' id='word_1_235' title='bbox 1545 2858 1925 2932; x_wconf 70' lang='grc' dir='ltr'>προφητευού-</span> 
     </span>
    </p>
   </div>
   <div class='ocr_carea' id='block_1_32' title="bbox 330 2951 1403 3020">
    <p class='ocr_par' dir='ltr' id='par_1_32' title="bbox 330 2951 1403 3020">
     <span class='ocr_line' id='line_1_32' title="bbox 330 2951 1403 3020; baseline 0.002 -16"><span class='ocrx_word' id='word_1_236' title='bbox 330 2967 434 3020; x_wconf 82' lang='grc' dir='ltr'><strong>σης</strong></span> <span class='ocrx_word' id='word_1_237' title='bbox 464 2953 558 3005; x_wconf 71' lang='grc' dir='ltr'>ἐπὶ</span> <span class='ocrx_word' id='word_1_238' title='bbox 589 2951 827 3019; x_wconf 78' lang='grc' dir='ltr'>τούτοις,</span> <span class='ocrx_word' id='word_1_239' title='bbox 862 2953 1129 3016; x_wconf 85' lang='grc' dir='ltr'>Θεοτόκος</span> <span class='ocrx_word' id='word_1_240' title='bbox 1158 2952 1403 3007; x_wconf 73' lang='grc' dir='ltr'>ἔσεσθαι.</span> 
     </span>
    </p>
   </div>
   <div class='ocr_carea' id='block_1_33' title="bbox 404 3043 1923 3115">
    <p class='ocr_par' dir='ltr' id='par_1_33' title="bbox 404 3043 1923 3115">
     <span class='ocr_line' id='line_1_33' title="bbox 404 3043 1923 3115; baseline 0.002 -20"><span class='ocrx_word' id='word_1_241' title='bbox 404 3044 522 3110; x_wconf 71' lang='grc' dir='ltr'>ις’.</span> <span class='ocrx_word' id='word_1_242' title='bbox 563 3043 914 3114; x_wconf 83' lang='grc' dir='ltr'>Πανταχόθεν</span> <span class='ocrx_word' id='word_1_243' title='bbox 940 3046 972 3115; x_wconf 84' lang='grc' dir='ltr'><strong>ή</strong></span> <span class='ocrx_word' id='word_1_244' title='bbox 1002 3044 1279 3114; x_wconf 79' lang='grc' dir='ltr'>Παρθένος</span> <span class='ocrx_word' id='word_1_245' title='bbox 1312 3043 1794 3113; x_wconf 74' lang='grc' dir='ltr'>εὐαγγελισοείσα,</span> <span class='ocrx_word' id='word_1_246' title='bbox 1820 3045 1923 3098; x_wconf 73' lang='grc' dir='ltr'><strong>οὐκ</strong></span> 
     </span>
    </p>
   </div>
   <div class='ocr_carea' id='block_1_34' title="bbox 2024 831 3719 935">
    <p class='ocr_par' dir='ltr' id='par_1_34' title="bbox 2024 831 3719 935">
     <span class='ocr_line' id='line_1_34' title="bbox 2024 831 3719 935; baseline -0.001 -23"><span class='ocrx_word' id='word_1_247' title='bbox 2024 858 2294 927; x_wconf 88' lang='lat' dir='ltr'><strong>concepit,</strong></span> <span class='ocrx_word' id='word_1_248' title='bbox 2351 874 2458 914; x_wconf 90' lang='lat' dir='ltr'><strong>non</strong></span> <span class='ocrx_word' id='word_1_249' title='bbox 2508 831 2778 929; x_wconf 80' lang='lat' dir='ltr'><strong>concipiet</strong></span> <span class='ocrx_word' id='word_1_250' title='bbox 2831 831 2982 929; x_wconf 43' lang='lat' dir='ltr'><strong>post-</strong></span> <span class='ocrx_word' id='word_1_251' title='bbox 3016 866 3068 912; x_wconf 91' lang='lat' dir='ltr'><strong>te</strong></span> <span class='ocrx_word' id='word_1_252' title='bbox 3116 858 3224 912; x_wconf 85' lang='lat' dir='ltr'><strong>alia</strong></span> <span class='ocrx_word' id='word_1_253' title='bbox 3271 857 3415 912; x_wconf 87' lang='lat' dir='ltr'><strong>inter</strong></span> <span class='ocrx_word' id='word_1_254' title='bbox 3455 856 3612 912; x_wconf 79' lang='lat' dir='ltr'><strong>femi-</strong></span> 
     </span>
    </p>
   </div>
   <div class='ocr_carea' id='block_1_35' title="bbox 2021 946 3715 1018">
    <p class='ocr_par' dir='ltr' id='par_1_35' title="bbox 2021 946 3715 1018">
     <span class='ocr_line' id='line_1_35' title="bbox 2021 946 3715 1018; baseline -0.002 -16"><span class='ocrx_word' id='word_1_255' title='bbox 2021 964 2119 1004; x_wconf 87' lang='lat' dir='ltr'><strong>nas</strong></span> <span class='ocrx_word' id='word_1_256' title='bbox 2173 952 2366 1018; x_wconf 76' lang='lat' dir='ltr'><strong>virgo;</strong></span> <span class='ocrx_word' id='word_1_257' title='bbox 2427 959 2484 1004; x_wconf 87' lang='lat' dir='ltr'><strong>tu</strong></span> <span class='ocrx_word' id='word_1_258' title='bbox 2546 949 2660 1004; x_wconf 84' lang='lat' dir='ltr'><strong>sola</strong></span> <span class='ocrx_word' id='word_1_259' title='bbox 2717 948 2774 1003; x_wconf 88' lang='lat' dir='ltr'><strong>in</strong></span> <span class='ocrx_word' id='word_1_260' title='bbox 2832 948 3090 1003; x_wconf 86' lang='lat' dir='ltr'><strong>universo</strong></span> <span class='ocrx_word' id='word_1_261' title='bbox 3162 946 3414 1001; x_wconf 84' lang='lat' dir='ltr'><strong>muliebri</strong></span> <span class='ocrx_word' id='word_1_262' title='bbox 3463 961 3598 1001; x_wconf 76' lang='lat' dir='ltr'><strong>sexu</strong></span> <span class='ocrx_word' id='word_1_263' title='bbox 3709 958 3715 1015; x_wconf 75' lang='grc' dir='ltr'><em>ξ</em></span> 
     </span>
    </p>
   </div>
   <div class='ocr_carea' id='block_1_36' title="bbox 2026 1035 3612 1104">
    <p class='ocr_par' dir='ltr' id='par_1_36' title="bbox 2026 1035 3612 1104">
     <span class='ocr_line' id='line_1_36' title="bbox 2026 1035 3612 1104; baseline -0.003 -13"><span class='ocrx_word' id='word_1_264' title='bbox 2026 1038 2238 1092; x_wconf 86' lang='lat' dir='ltr'><strong>ratione</strong></span> <span class='ocrx_word' id='word_1_265' title='bbox 2262 1039 2362 1093; x_wconf 91' lang='lat' dir='ltr'><strong>ista</strong></span> <span class='ocrx_word' id='word_1_266' title='bbox 2386 1053 2447 1094; x_wconf 90' lang='lat' dir='ltr'><strong>es</strong></span> <span class='ocrx_word' id='word_1_267' title='bbox 2478 1038 2784 1094; x_wconf 84' lang='lat' dir='ltr'><strong>benedicta.</strong></span> <span class='ocrx_word' id='word_1_268' title='bbox 2829 1036 2896 1090; x_wconf 85' lang='lat' dir='ltr'><strong>Et</strong></span> <span class='ocrx_word' id='word_1_269' title='bbox 2920 1037 3222 1091; x_wconf 73' lang='lat' dir='ltr'><strong>benedictus</strong></span> <span class='ocrx_word' id='word_1_270' title='bbox 3249 1035 3456 1104; x_wconf 81' lang='lat' dir='ltr'><strong>[ructus</strong></span> <span class='ocrx_word' id='word_1_271' title='bbox 3486 1051 3612 1088; x_wconf 78' lang='lat' dir='ltr'><strong>ven—</strong></span> 
     </span>
    </p>
   </div>
   <div class='ocr_carea' id='block_1_37' title="bbox 2027 1127 3610 1198">
    <p class='ocr_par' dir='ltr' id='par_1_37' title="bbox 2027 1127 3610 1198">
     <span class='ocr_line' id='line_1_37' title="bbox 2027 1127 3610 1198; baseline -0.003 -17"><span class='ocrx_word' id='word_1_272' title='bbox 2027 1131 2123 1182; x_wconf 82' lang='lat' dir='ltr'><strong>tris</strong></span> <span class='ocrx_word' id='word_1_273' title='bbox 2151 1129 2270 1195; x_wconf 86' lang='lat' dir='ltr'><strong>tui;</strong></span> <span class='ocrx_word' id='word_1_274' title='bbox 2301 1144 2410 1183; x_wconf 90' lang='lat' dir='ltr'><strong>non</strong></span> <span class='ocrx_word' id='word_1_275' title='bbox 2445 1128 2659 1184; x_wconf 84' lang='lat' dir='ltr'><strong>fructus</strong></span> <span class='ocrx_word' id='word_1_276' title='bbox 2690 1143 2826 1184; x_wconf 90' lang='lat' dir='ltr'><strong>sane</strong></span> <span class='ocrx_word' id='word_1_277' title='bbox 2870 1127 3017 1182; x_wconf 88' lang='lat' dir='ltr'><strong>illius</strong></span> <span class='ocrx_word' id='word_1_278' title='bbox 3042 1128 3133 1198; x_wconf 87' lang='lat' dir='ltr'><strong>qui</strong></span> <span class='ocrx_word' id='word_1_279' title='bbox 3169 1142 3236 1181; x_wconf 91' lang='lat' dir='ltr'><strong>ne</strong></span> <span class='ocrx_word' id='word_1_280' title='bbox 3274 1127 3358 1181; x_wconf 82' lang='lat' dir='ltr'><strong>vir</strong></span> <span class='ocrx_word' id='word_1_281' title='bbox 3388 1127 3610 1194; x_wconf 78' lang='lat' dir='ltr'><strong>quidem</strong></span> 
     </span>
    </p>
   </div>
   <div class='ocr_carea' id='block_1_38' title="bbox 2022 1216 3610 1288">
    <p class='ocr_par' dir='ltr' id='par_1_38' title="bbox 2022 1216 3610 1288">
     <span class='ocr_line' id='line_1_38' title="bbox 2022 1216 3610 1288; baseline -0.007 -10"><span class='ocrx_word' id='word_1_282' title='bbox 2022 1231 2106 1278; x_wconf 86' lang='lat' dir='ltr'><strong>est</strong></span> <span class='ocrx_word' id='word_1_283' title='bbox 2139 1221 2235 1276; x_wconf 81' lang='lat' dir='ltr'><strong>tibi</strong></span> <span class='ocrx_word' id='word_1_284' title='bbox 2264 1237 2285 1284; x_wconf 65' lang='grc' dir='ltr'><strong>ί</strong></span> <span class='ocrx_word' id='word_1_285' title='bbox 2337 1234 2443 1273; x_wconf 91' lang='lat' dir='ltr'><strong>non</strong></span> <span class='ocrx_word' id='word_1_286' title='bbox 2491 1221 2636 1275; x_wconf 88' lang='lat' dir='ltr'><strong>enim</strong></span> <span class='ocrx_word' id='word_1_287' title='bbox 2663 1233 2729 1274; x_wconf 78' lang='lat' dir='ltr'><strong>ex</strong></span> <span class='ocrx_word' id='word_1_288' title='bbox 2764 1219 2883 1273; x_wconf 89' lang='lat' dir='ltr'><strong>viro</strong></span> <span class='ocrx_word' id='word_1_289' title='bbox 2921 1227 3004 1274; x_wconf 87' lang='lat' dir='ltr'><strong>est</strong></span> <span class='ocrx_word' id='word_1_290' title='bbox 3037 1217 3180 1288; x_wconf 88' lang='lat' dir='ltr'><strong>quod</strong></span> <span class='ocrx_word' id='word_1_291' title='bbox 3222 1216 3484 1282; x_wconf 89' lang='lat' dir='ltr'><strong>nascitur,</strong></span> <span class='ocrx_word' id='word_1_292' title='bbox 3515 1216 3610 1270; x_wconf 82' lang='lat' dir='ltr'><strong>sed</strong></span> 
     </span>
    </p>
   </div>
   <div class='ocr_carea' id='block_1_39' title="bbox 2023 1320 2413 1369">
    <p class='ocr_par' dir='ltr' id='par_1_39' title="bbox 2023 1320 2413 1369">
     <span class='ocr_line' id='line_1_39' title="bbox 2023 1320 2413 1369; baseline -0.013 0"><span class='ocrx_word' id='word_1_293' title='bbox 2023 1327 2091 1369; x_wconf 83' lang='lat' dir='ltr'><strong>ex</strong></span> <span class='ocrx_word' id='word_1_294' title='bbox 2114 1320 2267 1366; x_wconf 87' lang='lat' dir='ltr'><strong>utero</strong></span> <span class='ocrx_word' id='word_1_295' title='bbox 2300 1320 2413 1364; x_wconf 91' lang='lat' dir='ltr'><strong>luo.</strong></span> 
     </span>
    </p>
   </div>
   <div class='ocr_carea' id='block_1_40' title="bbox 2095 1398 3604 1470">
    <p class='ocr_par' dir='ltr' id='par_1_40' title="bbox 2095 1398 3604 1470">
     <span class='ocr_line' id='line_1_40' title="bbox 2095 1398 3604 1470; baseline -0.003 -14"><span class='ocrx_word' id='word_1_296' title='bbox 2095 1402 2212 1456; x_wconf 78' lang='lat' dir='ltr'><strong>XV.</strong></span> <span class='ocrx_word' id='word_1_297' title='bbox 2248 1401 2458 1470; x_wconf 88' lang='lat' dir='ltr'><strong>Inspice</strong></span> <span class='ocrx_word' id='word_1_298' title='bbox 2523 1409 2751 1455; x_wconf 89' lang='lat' dir='ltr'><strong>matrem</strong></span> <span class='ocrx_word' id='word_1_299' title='bbox 2806 1398 3051 1466; x_wconf 81' lang='lat' dir='ltr'><strong>Joannis,</strong></span> <span class='ocrx_word' id='word_1_300' title='bbox 3115 1412 3390 1469; x_wconf 58' lang='lat' dir='ltr'><strong>quanam,</strong></span> <span class='ocrx_word' id='word_1_301' title='bbox 3449 1404 3604 1465; x_wconf 88' lang='lat' dir='ltr'><strong>post-</strong></span> 
     </span>
    </p>
   </div>
   <div class='ocr_carea' id='block_1_41' title="bbox 2021 1488 3605 1567">
    <p class='ocr_par' dir='ltr' id='par_1_41' title="bbox 2021 1488 3605 1567">
     <span class='ocr_line' id='line_1_41' title="bbox 2021 1488 3605 1567; baseline -0.003 -22"><span class='ocrx_word' id='word_1_302' title='bbox 2021 1512 2186 1567; x_wconf 77' lang='lat' dir='ltr'><strong>quam</strong></span> <span class='ocrx_word' id='word_1_303' title='bbox 2224 1494 2429 1564; x_wconf 86' lang='lat' dir='ltr'><strong>Spiritu</strong></span> <span class='ocrx_word' id='word_1_304' title='bbox 2457 1499 2645 1549; x_wconf 88' lang='lat' dir='ltr'><strong>sancto</strong></span> <span class='ocrx_word' id='word_1_305' title='bbox 2670 1493 2888 1562; x_wconf 86' lang='lat' dir='ltr'><strong>impleta</strong></span> <span class='ocrx_word' id='word_1_306' title='bbox 2906 1502 3012 1557; x_wconf 88' lang='lat' dir='ltr'><strong>est,</strong></span> <span class='ocrx_word' id='word_1_307' title='bbox 3040 1492 3333 1561; x_wconf 85' lang='lat' dir='ltr'><strong>loquatur:</strong></span> <span class='ocrx_word' id='word_1_308' title='bbox 3370 1488 3437 1542; x_wconf 85' lang='lat' dir='ltr'><strong>Et</strong></span> <span class='ocrx_word' id='word_1_309' title='bbox 3466 1489 3605 1545; x_wconf 81' lang='lat' dir='ltr'><strong>unde</strong></span> 
     </span>
    </p>
   </div>
   <div class='ocr_carea' id='block_1_42' title="bbox 2022 1578 3602 1653">
    <p class='ocr_par' dir='ltr' id='par_1_42' title="bbox 2022 1578 3602 1653">
     <span class='ocr_line' id='line_1_42' title="bbox 2022 1578 3602 1653; baseline -0.006 -12"><span class='ocrx_word' id='word_1_310' title='bbox 2022 1587 2174 1653; x_wconf 74' lang='lat' dir='ltr'><strong>mihi,</strong></span> <span class='ocrx_word' id='word_1_311' title='bbox 2199 1596 2254 1640; x_wconf 82' lang='lat' dir='ltr'><strong>ut</strong></span> <span class='ocrx_word' id='word_1_312' title='bbox 2287 1585 2462 1639; x_wconf 77' lang='lat' dir='ltr'><strong>veniat</strong></span> <span class='ocrx_word' id='word_1_313' title='bbox 2492 1592 2662 1637; x_wconf 81' lang='lat' dir='ltr'><strong>mater</strong></span> <span class='ocrx_word' id='word_1_314' title='bbox 2690 1582 2901 1637; x_wconf 80' lang='lat' dir='ltr'><strong>Domini</strong></span> <span class='ocrx_word' id='word_1_315' title='bbox 2918 1584 3019 1636; x_wconf 78' lang='lat' dir='ltr'><strong>mei</strong></span> <span class='ocrx_word' id='word_1_316' title='bbox 3046 1583 3115 1635; x_wconf 86' lang='lat' dir='ltr'><strong>ad</strong></span> <span class='ocrx_word' id='word_1_317' title='bbox 3144 1598 3224 1635; x_wconf 85' lang='lat' dir='ltr'><strong>me</strong></span> <span class='ocrx_word' id='word_1_318' title='bbox 3242 1581 3307 1634; x_wconf 69' lang='grc' dir='ltr'><strong>αἳ</strong></span> <span class='ocrx_word' id='word_1_319' title='bbox 3328 1578 3602 1650; x_wconf 75' lang='lat' dir='ltr'><strong>Virginem</strong></span> 
     </span>
    </p>
   </div>
   <div class='ocr_carea' id='block_1_43' title="bbox 2022 1670 3605 1744">
    <p class='ocr_par' dir='ltr' id='par_1_43' title="bbox 2022 1670 3605 1744">
     <span class='ocr_line' id='line_1_43' title="bbox 2022 1670 3605 1744; baseline -0.006 -13"><span class='ocrx_word' id='word_1_320' title='bbox 2022 1678 2190 1742; x_wconf 86' lang='lat' dir='ltr'><strong>videt,</strong></span> <span class='ocrx_word' id='word_1_321' title='bbox 2221 1685 2274 1731; x_wconf 88' lang='lat' dir='ltr'><strong>et</strong></span> <span class='ocrx_word' id='word_1_322' title='bbox 2310 1686 2540 1730; x_wconf 90' lang='lat' dir='ltr'><strong>matrem</strong></span> <span class='ocrx_word' id='word_1_323' title='bbox 2572 1673 2826 1744; x_wconf 84' lang='lat' dir='ltr'><strong>appellat,</strong></span> <span class='ocrx_word' id='word_1_324' title='bbox 2851 1674 3059 1729; x_wconf 80' lang='lat' dir='ltr'><strong>exitum</strong></span> <span class='ocrx_word' id='word_1_325' title='bbox 3104 1672 3318 1728; x_wconf 89' lang='lat' dir='ltr'><strong>scilicet</strong></span> <span class='ocrx_word' id='word_1_326' title='bbox 3364 1685 3459 1740; x_wconf 84' lang='lat' dir='ltr'><strong>per</strong></span> <span class='ocrx_word' id='word_1_327' title='bbox 3491 1670 3605 1738; x_wconf 88' lang='lat' dir='ltr'><strong>spi-</strong></span> 
     </span>
    </p>
   </div>
   <div class='ocr_carea' id='block_1_44' title="bbox 2027 1768 3604 1838">
    <p class='ocr_par' dir='ltr' id='par_1_44' title="bbox 2027 1768 3604 1838">
     <span class='ocr_line' id='line_1_44' title="bbox 2027 1768 3604 1838; baseline -0.008 -12"><span class='ocrx_word' id='word_1_328' title='bbox 2027 1772 2188 1826; x_wconf 87' lang='lat' dir='ltr'><strong>ritum</strong></span> <span class='ocrx_word' id='word_1_329' title='bbox 2212 1768 2513 1838; x_wconf 76' lang='lat' dir='ltr'><strong>propltetiae</strong></span> <span class='ocrx_word' id='word_1_330' title='bbox 2535 1783 2790 1823; x_wconf 86' lang='lat' dir='ltr'><strong>sermone</strong></span> <span class='ocrx_word' id='word_1_331' title='bbox 2819 1776 3190 1836; x_wconf 75' lang='lat' dir='ltr'><strong>praeverteris;</strong></span> <span class='ocrx_word' id='word_1_332' title='bbox 3227 1772 3281 1819; x_wconf 89' lang='lat' dir='ltr'><strong>et</strong></span> <span class='ocrx_word' id='word_1_333' title='bbox 3310 1778 3432 1833; x_wconf 60' lang='lat' dir='ltr'><strong>quas</strong></span> <span class='ocrx_word' id='word_1_334' title='bbox 3468 1776 3604 1815; x_wconf 89' lang='lat' dir='ltr'><strong>nou-</strong></span> 
     </span>
    </p>
   </div>
   <div class='ocr_carea' id='block_1_45' title="bbox 2023 1853 3600 1925">
    <p class='ocr_par' dir='ltr' id='par_1_45' title="bbox 2023 1853 3600 1925">
     <span class='ocr_line' id='line_1_45' title="bbox 2023 1853 3600 1925; baseline -0.006 -11"><span class='ocrx_word' id='word_1_335' title='bbox 2023 1861 2150 1914; x_wconf 91' lang='lat' dir='ltr'><strong>dum</strong></span> <span class='ocrx_word' id='word_1_336' title='bbox 2197 1867 2395 1922; x_wconf 88' lang='lat' dir='ltr'><strong>mater,</strong></span> <span class='ocrx_word' id='word_1_337' title='bbox 2432 1866 2557 1912; x_wconf 89' lang='lat' dir='ltr'><strong>utut</strong></span> <span class='ocrx_word' id='word_1_338' title='bbox 2575 1858 2784 1925; x_wconf 88' lang='lat' dir='ltr'><strong>jamdiu</strong></span> <span class='ocrx_word' id='word_1_339' title='bbox 2811 1856 3175 1925; x_wconf 80' lang='lat' dir='ltr'><strong>concepisset,</strong></span> <span class='ocrx_word' id='word_1_340' title='bbox 3206 1853 3600 1923; x_wconf 85' lang='lat' dir='ltr'><strong>appellabatur,</strong></span> 
     </span>
    </p>
   </div>
   <div class='ocr_carea' id='block_1_46' title="bbox 2022 1938 3607 2015">
    <p class='ocr_par' dir='ltr' id='par_1_46' title="bbox 2022 1938 3607 2015">
     <span class='ocr_line' id='line_1_46' title="bbox 2022 1938 3607 2015; baseline -0.008 -10"><span class='ocrx_word' id='word_1_341' title='bbox 2022 1959 2254 2005; x_wconf 83' lang='lat' dir='ltr'><strong>matrem</strong></span> <span class='ocrx_word' id='word_1_342' title='bbox 2313 1963 2433 2004; x_wconf 90' lang='lat' dir='ltr'><strong>eam</strong></span> <span class='ocrx_word' id='word_1_343' title='bbox 2478 1948 2635 2007; x_wconf 87' lang='lat' dir='ltr'><strong>dicit.</strong></span> <span class='ocrx_word' id='word_1_344' title='bbox 2681 1961 2803 2015; x_wconf 65' lang='lat' dir='ltr'><strong>qua:</strong></span> <span class='ocrx_word' id='word_1_345' title='bbox 2854 1946 3036 1999; x_wconf 89' lang='lat' dir='ltr'><strong>adhuc</strong></span> <span class='ocrx_word' id='word_1_346' title='bbox 3089 1952 3209 1997; x_wconf 85' lang='lat' dir='ltr'><strong>erat</strong></span> <span class='ocrx_word' id='word_1_347' title='bbox 3234 1943 3408 2011; x_wconf 72' lang='lat' dir='ltr'><strong>virgo.</strong></span> <span class='ocrx_word' id='word_1_348' title='bbox 3468 1938 3607 1994; x_wconf 84' lang='lat' dir='ltr'><strong>llinc</strong></span> 
     </span>
    </p>
   </div>
   <div class='ocr_carea' id='block_1_47' title="bbox 2017 2031 3607 2107">
    <p class='ocr_par' dir='ltr' id='par_1_47' title="bbox 2017 2031 3607 2107">
     <span class='ocr_line' id='line_1_47' title="bbox 2017 2031 3607 2107; baseline -0.008 -10"><span class='ocrx_word' id='word_1_349' title='bbox 2017 2040 2226 2097; x_wconf 75' lang='lat' dir='ltr'><strong>sterilis</strong></span> <span class='ocrx_word' id='word_1_350' title='bbox 2262 2037 2411 2095; x_wconf 79' lang='lat' dir='ltr'><strong>facta</strong></span> <span class='ocrx_word' id='word_1_351' title='bbox 2457 2046 2544 2093; x_wconf 92' lang='lat' dir='ltr'><strong>est</strong></span> <span class='ocrx_word' id='word_1_352' title='bbox 2593 2036 2837 2107; x_wconf 75' lang='lat' dir='ltr'><strong>Virginis</strong></span> <span class='ocrx_word' id='word_1_353' title='bbox 2890 2048 3217 2104; x_wconf 74' lang='lat' dir='ltr'><strong>praecursor,</strong></span> <span class='ocrx_word' id='word_1_354' title='bbox 3257 2031 3607 2101; x_wconf 86' lang='lat' dir='ltr'><strong>quemadmo-</strong></span> 
     </span>
    </p>
   </div>
   <div class='ocr_carea' id='block_1_48' title="bbox 2021 2128 3043 2189">
    <p class='ocr_par' dir='ltr' id='par_1_48' title="bbox 2021 2128 3043 2189">
     <span class='ocr_line' id='line_1_48' title="bbox 2021 2128 3043 2189; baseline -0.004 0"><span class='ocrx_word' id='word_1_355' title='bbox 2021 2134 2147 2189; x_wconf 85' lang='lat' dir='ltr'><strong>dum</strong></span> <span class='ocrx_word' id='word_1_356' title='bbox 2186 2130 2486 2188; x_wconf 89' lang='lat' dir='ltr'><strong>Salvatoris</strong></span> <span class='ocrx_word' id='word_1_357' title='bbox 2514 2128 2776 2185; x_wconf 79' lang='lat' dir='ltr'><strong>Joannes.</strong></span> <span class='ocrx_word' id='word_1_358' title='bbox 3038 2174 3043 2185; x_wconf 87' lang='lat'><strong>.</strong></span> 
     </span>
    </p>
   </div>
   <div class='ocr_carea' id='block_1_49' title="bbox 2092 2216 3602 2289">
    <p class='ocr_par' dir='ltr' id='par_1_49' title="bbox 2092 2216 3602 2289">
     <span class='ocr_line' id='line_1_49' title="bbox 2092 2216 3602 2289; baseline -0.007 -11"><span class='ocrx_word' id='word_1_359' title='bbox 2092 2223 2277 2278; x_wconf 75' lang='lat' dir='ltr'><strong>Maria:</strong></span> <span class='ocrx_word' id='word_1_360' title='bbox 2316 2230 2496 2276; x_wconf 86' lang='lat' dir='ltr'><strong>autem</strong></span> <span class='ocrx_word' id='word_1_361' title='bbox 2525 2219 2705 2276; x_wconf 76' lang='lat' dir='ltr'><strong>felicia</strong></span> <span class='ocrx_word' id='word_1_362' title='bbox 2737 2220 2884 2275; x_wconf 91' lang='lat' dir='ltr'><strong>omni</strong></span> <span class='ocrx_word' id='word_1_363' title='bbox 2913 2234 2979 2275; x_wconf 82' lang='lat' dir='ltr'><strong>ex</strong></span> <span class='ocrx_word' id='word_1_364' title='bbox 3016 2230 3168 2289; x_wconf 89' lang='lat' dir='ltr'><strong>parte</strong></span> <span class='ocrx_word' id='word_1_365' title='bbox 3203 2216 3602 2273; x_wconf 84' lang='lat' dir='ltr'><strong>denuntiaban-</strong></span> 
     </span>
    </p>
   </div>
   <div class='ocr_carea' id='block_1_50' title="bbox 2022 2309 3602 2384">
    <p class='ocr_par' dir='ltr' id='par_1_50' title="bbox 2022 2309 3602 2384">
     <span class='ocr_line' id='line_1_50' title="bbox 2022 2309 3602 2384; baseline -0.008 -13"><span class='ocrx_word' id='word_1_366' title='bbox 2022 2324 2132 2371; x_wconf 92' lang='lat' dir='ltr'><strong>tur.</strong></span> <span class='ocrx_word' id='word_1_367' title='bbox 2172 2314 2283 2368; x_wconf 85' lang='lat' dir='ltr'><strong>Etsi</strong></span> <span class='ocrx_word' id='word_1_368' title='bbox 2322 2313 2501 2384; x_wconf 79' lang='lat' dir='ltr'><strong>angeli</strong></span> <span class='ocrx_word' id='word_1_369' title='bbox 2531 2326 2715 2367; x_wconf 88' lang='lat' dir='ltr'><strong>vocem</strong></span> <span class='ocrx_word' id='word_1_370' title='bbox 2757 2320 2884 2367; x_wconf 87' lang='lat' dir='ltr'><strong>tunc</strong></span> <span class='ocrx_word' id='word_1_371' title='bbox 2923 2327 3032 2366; x_wconf 92' lang='lat' dir='ltr'><strong>non</strong></span> <span class='ocrx_word' id='word_1_372' title='bbox 3092 2309 3329 2372; x_wconf 87' lang='lat' dir='ltr'><strong>audiret,</strong></span> <span class='ocrx_word' id='word_1_373' title='bbox 3378 2316 3436 2361; x_wconf 90' lang='lat' dir='ltr'><strong>at</strong></span> <span class='ocrx_word' id='word_1_374' title='bbox 3478 2320 3602 2360; x_wconf 88' lang='lat' dir='ltr'><strong>cum</strong></span> 
     </span>
    </p>
   </div>
   <div class='ocr_carea' id='block_1_51' title="bbox 2022 2400 3602 2476">
    <p class='ocr_par' dir='ltr' id='par_1_51' title="bbox 2022 2400 3602 2476">
     <span class='ocr_line' id='line_1_51' title="bbox 2022 2400 3602 2476; baseline -0.004 -13"><span class='ocrx_word' id='word_1_375' title='bbox 2022 2415 2275 2476; x_wconf 78' lang='lat' dir='ltr'><strong>cognata,</strong></span> <span class='ocrx_word' id='word_1_376' title='bbox 2323 2404 2631 2460; x_wconf 80' lang='lat' dir='ltr'><strong>consimilia</strong></span> <span class='ocrx_word' id='word_1_377' title='bbox 2665 2404 2952 2473; x_wconf 88' lang='lat' dir='ltr'><strong>eloquens,</strong></span> <span class='ocrx_word' id='word_1_378' title='bbox 3002 2414 3057 2458; x_wconf 91' lang='lat' dir='ltr'><strong>et</strong></span> <span class='ocrx_word' id='word_1_379' title='bbox 3101 2402 3231 2456; x_wconf 88' lang='lat' dir='ltr'><strong>illttd</strong></span> <span class='ocrx_word' id='word_1_380' title='bbox 3286 2400 3602 2469; x_wconf 85' lang='lat' dir='ltr'><strong>adjecisset.</strong></span> 
     </span>
    </p>
   </div>
   <div class='ocr_carea' id='block_1_52' title="bbox 2026 2493 3607 2567">
    <p class='ocr_par' dir='ltr' id='par_1_52' title="bbox 2026 2493 3607 2567">
     <span class='ocr_line' id='line_1_52' title="bbox 2026 2493 3607 2567; baseline -0.004 -14"><span class='ocrx_word' id='word_1_381' title='bbox 2026 2498 2217 2563; x_wconf 74' lang='lat' dir='ltr'><strong>Beata,</strong></span> <span class='ocrx_word' id='word_1_382' title='bbox 2249 2512 2367 2567; x_wconf 56' lang='lat' dir='ltr'><strong>qua:</strong></span> <span class='ocrx_word' id='word_1_383' title='bbox 2396 2496 2671 2550; x_wconf 76' lang='lat' dir='ltr'><strong>credidisti</strong></span> <span class='ocrx_word' id='word_1_384' title='bbox 2696 2512 2717 2561; x_wconf 85' lang='lat'><strong><em>;</em></strong></span> <span class='ocrx_word' id='word_1_385' title='bbox 2746 2497 3002 2563; x_wconf 81' lang='lat' dir='ltr'><strong>quoniam</strong></span> <span class='ocrx_word' id='word_1_386' title='bbox 3032 2493 3370 2562; x_wconf 76' lang='lat' dir='ltr'><strong>perﬁcientnr</strong></span> <span class='ocrx_word' id='word_1_387' title='bbox 3391 2508 3451 2545; x_wconf 83' lang='lat' dir='ltr'><strong>ea</strong></span> <span class='ocrx_word' id='word_1_388' title='bbox 3486 2505 3607 2559; x_wconf 73' lang='lat' dir='ltr'><strong>qua:</strong></span> 
     </span>
    </p>
   </div>
   <div class='ocr_carea' id='block_1_53' title="bbox 2021 2582 3606 2656">
    <p class='ocr_par' dir='ltr' id='par_1_53' title="bbox 2021 2582 3606 2656">
     <span class='ocr_line' id='line_1_53' title="bbox 2021 2582 3606 2656; baseline -0.005 -12"><span class='ocrx_word' id='word_1_389' title='bbox 2021 2590 2164 2646; x_wconf 84' lang='lat' dir='ltr'><strong>dicta</strong></span> <span class='ocrx_word' id='word_1_390' title='bbox 2195 2599 2319 2645; x_wconf 79' lang='lat' dir='ltr'><strong>sunt</strong></span> <span class='ocrx_word' id='word_1_391' title='bbox 2350 2589 2502 2643; x_wconf 85' lang='lat' dir='ltr'><strong>tibia</strong></span> <span class='ocrx_word' id='word_1_392' title='bbox 2524 2587 2757 2644; x_wconf 79' lang='lat' dir='ltr'><strong>Domino</strong></span> <span class='ocrx_word' id='word_1_393' title='bbox 2783 2597 2811 2625; x_wconf 76' lang='grc' dir='ltr'><strong>ν</strong></span> <span class='ocrx_word' id='word_1_394' title='bbox 2837 2627 2852 2654; x_wconf 89' lang='grc'><strong>,</strong></span> <span class='ocrx_word' id='word_1_395' title='bbox 2904 2587 3076 2656; x_wconf 79' lang='lat' dir='ltr'><strong>magis</strong></span> <span class='ocrx_word' id='word_1_396' title='bbox 3116 2586 3183 2640; x_wconf 88' lang='lat' dir='ltr'><strong>ad</strong></span> <span class='ocrx_word' id='word_1_397' title='bbox 3225 2602 3289 2642; x_wconf 87' lang='lat' dir='ltr'><strong>ea</strong></span> <span class='ocrx_word' id='word_1_398' title='bbox 3331 2582 3606 2639; x_wconf 80' lang='lat' dir='ltr'><strong>credenda</strong></span> 
     </span>
    </p>
   </div>
   <div class='ocr_carea' id='block_1_54' title="bbox 2024 2674 3609 2750">
    <p class='ocr_par' dir='ltr' id='par_1_54' title="bbox 2024 2674 3609 2750">
     <span class='ocr_line' id='line_1_54' title="bbox 2024 2674 3609 2750; baseline -0.007 -11"><span class='ocrx_word' id='word_1_399' title='bbox 2024 2682 2487 2747; x_wconf 89' lang='lat' dir='ltr'><strong>conlirmabatur,</strong></span> <span class='ocrx_word' id='word_1_400' title='bbox 2519 2695 2640 2750; x_wconf 81' lang='lat' dir='ltr'><strong>qua:</strong></span> <span class='ocrx_word' id='word_1_401' title='bbox 2675 2679 2743 2734; x_wconf 88' lang='lat' dir='ltr'><strong>ab</strong></span> <span class='ocrx_word' id='word_1_402' title='bbox 2770 2678 3094 2749; x_wconf 79' lang='lat' dir='ltr'><strong>arcltangelo</strong></span> <span class='ocrx_word' id='word_1_403' title='bbox 3137 2676 3402 2740; x_wconf 87' lang='lat' dir='ltr'><strong>audierat,</strong></span> <span class='ocrx_word' id='word_1_404' title='bbox 3448 2674 3609 2728; x_wconf 86' lang='lat' dir='ltr'><strong>beata</strong></span> 
     </span>
    </p>
   </div>
   <div class='ocr_carea' id='block_1_55' title="bbox 2023 2771 3610 2847">
    <p class='ocr_par' dir='ltr' id='par_1_55' title="bbox 2023 2771 3610 2847">
     <span class='ocr_line' id='line_1_55' title="bbox 2023 2771 3610 2847; baseline -0.006 -16"><span class='ocrx_word' id='word_1_405' title='bbox 2023 2776 2343 2847; x_wconf 62' lang='lat' dir='ltr'><strong>pradicata,</strong></span> <span class='ocrx_word' id='word_1_406' title='bbox 2373 2774 2419 2828; x_wconf 88' lang='lat' dir='ltr'><strong>si</strong></span> <span class='ocrx_word' id='word_1_407' title='bbox 2455 2782 2512 2827; x_wconf 88' lang='lat' dir='ltr'><strong>et</strong></span> <span class='ocrx_word' id='word_1_408' title='bbox 2533 2772 2728 2843; x_wconf 84' lang='lat' dir='ltr'><strong>angelo</strong></span> <span class='ocrx_word' id='word_1_409' title='bbox 2748 2773 2900 2839; x_wconf 87' lang='lat' dir='ltr'><strong>prius</strong></span> <span class='ocrx_word' id='word_1_410' title='bbox 2921 2771 3263 2842; x_wconf 74' lang='lat' dir='ltr'><strong>signiﬁcante</strong></span> <span class='ocrx_word' id='word_1_411' title='bbox 3293 2777 3350 2824; x_wconf 92' lang='lat' dir='ltr'><strong>et</strong></span> <span class='ocrx_word' id='word_1_412' title='bbox 3378 2777 3610 2837; x_wconf 69' lang='lat' dir='ltr'><strong>cognata</strong></span> 
     </span>
    </p>
   </div>
   <div class='ocr_carea' id='block_1_56' title="bbox 2025 2866 3608 2938">
    <p class='ocr_par' dir='ltr' id='par_1_56' title="bbox 2025 2866 3608 2938">
     <span class='ocr_line' id='line_1_56' title="bbox 2025 2866 3608 2938; baseline -0.003 -18"><span class='ocrx_word' id='word_1_413' title='bbox 2025 2868 2183 2938; x_wconf 81' lang='lat' dir='ltr'><strong>paria</strong></span> <span class='ocrx_word' id='word_1_414' title='bbox 2213 2882 2311 2936; x_wconf 90' lang='lat' dir='ltr'><strong>per</strong></span> <span class='ocrx_word' id='word_1_415' title='bbox 2351 2866 2696 2935; x_wconf 84' lang='lat' dir='ltr'><strong>prophetiam</strong></span> <span class='ocrx_word' id='word_1_416' title='bbox 2751 2866 3132 2934; x_wconf 88' lang='lat' dir='ltr'><strong>portendente,</strong></span> <span class='ocrx_word' id='word_1_417' title='bbox 3167 2872 3453 2934; x_wconf 82' lang='lat' dir='ltr'><strong>propterea</strong></span> <span class='ocrx_word' id='word_1_418' title='bbox 3489 2876 3608 2915; x_wconf 83' lang='lat' dir='ltr'><strong>cre-</strong></span> 
     </span>
    </p>
   </div>
   <div class='ocr_carea' id='block_1_57' title="bbox 2025 2956 3039 3028">
    <p class='ocr_par' dir='ltr' id='par_1_57' title="bbox 2025 2956 3039 3028">
     <span class='ocr_line' id='line_1_57' title="bbox 2025 2956 3039 3028; baseline -0.005 -14"><span class='ocrx_word' id='word_1_419' title='bbox 2025 2961 2179 3014; x_wconf 89' lang='lat' dir='ltr'><strong>deret</strong></span> <span class='ocrx_word' id='word_1_420' title='bbox 2208 2972 2268 3014; x_wconf 85' lang='lat' dir='ltr'><strong>se</strong></span> <span class='ocrx_word' id='word_1_421' title='bbox 2301 2957 2394 3013; x_wconf 83' lang='lat' dir='ltr'><strong>Dei</strong></span> <span class='ocrx_word' id='word_1_422' title='bbox 2420 2958 2745 3028; x_wconf 77' lang='lat' dir='ltr'><strong>genitricem</strong></span> <span class='ocrx_word' id='word_1_423' title='bbox 2777 2956 3039 3012; x_wconf 84' lang='lat' dir='ltr'><strong>luturam.</strong></span> 
     </span>
    </p>
   </div>
   <div class='ocr_carea' id='block_1_58' title="bbox 2099 3045 3609 3114">
    <p class='ocr_par' dir='ltr' id='par_1_58' title="bbox 2099 3045 3609 3114">
     <span class='ocr_line' id='line_1_58' title="bbox 2099 3045 3609 3114; baseline -0.005 -7"><span class='ocrx_word' id='word_1_424' title='bbox 2099 3051 2244 3107; x_wconf 76' lang='lat' dir='ltr'><strong>XVI.</strong></span> <span class='ocrx_word' id='word_1_425' title='bbox 2277 3050 2410 3105; x_wconf 89' lang='lat' dir='ltr'><strong>Boni</strong></span> <span class='ocrx_word' id='word_1_426' title='bbox 2436 3050 2638 3106; x_wconf 86' lang='lat' dir='ltr'><strong>ominis</strong></span> <span class='ocrx_word' id='word_1_427' title='bbox 2674 3050 2859 3105; x_wconf 78' lang='lat' dir='ltr'><strong>verbis</strong></span> <span class='ocrx_word' id='word_1_428' title='bbox 2907 3047 3079 3102; x_wconf 76' lang='lat' dir='ltr'><strong>Maria</strong></span> <span class='ocrx_word' id='word_1_429' title='bbox 3132 3046 3372 3114; x_wconf 90' lang='lat' dir='ltr'><strong>undique</strong></span> <span class='ocrx_word' id='word_1_430' title='bbox 3406 3045 3609 3100; x_wconf 87' lang='lat' dir='ltr'><strong>conlir-</strong></span> 
     </span>
    </p>
   </div>
   <div class='ocr_carea' id='block_1_59' title="bbox 330 3135 1926 3212">
    <p class='ocr_par' dir='ltr' id='par_1_59' title="bbox 330 3135 1922 3209">
     <span class='ocr_line' id='line_1_59' title="bbox 330 3135 1922 3209; baseline -0.001 -18"><span class='ocrx_word' id='word_1_431' title='bbox 330 3135 413 3191; x_wconf 73' lang='grc' dir='ltr'>ἔτι</span> <span class='ocrx_word' id='word_1_432' title='bbox 458 3137 555 3207; x_wconf 85' lang='grc' dir='ltr'>μὲν</span> <span class='ocrx_word' id='word_1_433' title='bbox 589 3136 957 3207; x_wconf 77' lang='grc' dir='ltr'>ἀμφιϐάλλει’</span> <span class='ocrx_word' id='word_1_434' title='bbox 991 3136 1131 3191; x_wconf 83' lang='grc' dir='ltr'><strong>ἀλλά</strong></span> <span class='ocrx_word' id='word_1_435' title='bbox 1157 3138 1250 3191; x_wconf 79' lang='grc' dir='ltr'>τὸν</span> <span class='ocrx_word' id='word_1_436' title='bbox 1295 3138 1640 3209; x_wconf 80' lang='grc' dir='ltr'>ἑκατέρωθεν</span> <span class='ocrx_word' id='word_1_437' title='bbox 1686 3136 1922 3208; x_wconf 77' lang='grc' dir='ltr'>ρηθέντα</span> 
     </span>
    </p>
   </div>
   <div class='ocr_carea' id='block_1_60' title="bbox 2025 3135 3617 3212">
    <p class='ocr_par' dir='ltr' id='par_1_60' title="bbox 2030 3136 3617 3212">
     <span class='ocr_line' id='line_1_60' title="bbox 2030 3136 3617 3212; baseline -0.005 -14"><span class='ocrx_word' id='word_1_438' title='bbox 2030 3153 2195 3209; x_wconf 89' lang='lat' dir='ltr'><strong>mata,</strong></span> <span class='ocrx_word' id='word_1_439' title='bbox 2230 3157 2336 3197; x_wconf 89' lang='lat' dir='ltr'><strong>non</strong></span> <span class='ocrx_word' id='word_1_440' title='bbox 2368 3141 2601 3212; x_wconf 82' lang='lat' dir='ltr'><strong>amplius</strong></span> <span class='ocrx_word' id='word_1_441' title='bbox 2629 3140 2875 3210; x_wconf 79' lang='lat' dir='ltr'><strong>profecto</strong></span> <span class='ocrx_word' id='word_1_442' title='bbox 2908 3138 3376 3203; x_wconf 83' lang='lat' dir='ltr'><strong>lluctuatanimo;</strong></span> <span class='ocrx_word' id='word_1_443' title='bbox 3410 3137 3508 3193; x_wconf 85' lang='lat' dir='ltr'><strong>sed</strong></span> <span class='ocrx_word' id='word_1_444' title='bbox 3544 3136 3617 3191; x_wconf 84' lang='lat' dir='ltr'><strong>iis</strong></span> 
     </span>
    </p>
   </div>
   <div class='ocr_carea' id='block_1_61' title="bbox 331 3229 1925 3302">
    <p class='ocr_par' dir='ltr' id='par_1_61' title="bbox 331 3229 1925 3302">
     <span class='ocr_line' id='line_1_61' title="bbox 331 3229 1925 3302; baseline 0 -17"><span class='ocrx_word' id='word_1_445' title='bbox 331 3231 472 3301; x_wconf 70' lang='grc' dir='ltr'>αὐτῇ</span> <span class='ocrx_word' id='word_1_446' title='bbox 502 3229 662 3297; x_wconf 81' lang='grc' dir='ltr'>λόγον</span> <span class='ocrx_word' id='word_1_447' title='bbox 695 3229 807 3283; x_wconf 84' lang='grc' dir='ltr'><strong>τῶν</strong></span> <span class='ocrx_word' id='word_1_448' title='bbox 840 3230 1024 3302; x_wconf 79' lang='grc' dir='ltr'>συμϐη</span> <span class='ocrx_word' id='word_1_449' title='bbox 1038 3231 1302 3301; x_wconf 73' lang='grc' dir='ltr'>ςομένων,</span> <span class='ocrx_word' id='word_1_450' title='bbox 1332 3232 1461 3302; x_wconf 83' lang='grc' dir='ltr'>παρ’</span> <span class='ocrx_word' id='word_1_451' title='bbox 1487 3232 1724 3301; x_wconf 80' lang='grc' dir='ltr'>ἀγγέλου</span> <span class='ocrx_word' id='word_1_452' title='bbox 1745 3249 1805 3286; x_wconf 85' lang='grc' dir='ltr'><strong>τε</strong></span> <span class='ocrx_word' id='word_1_453' title='bbox 1831 3233 1925 3285; x_wconf 75' lang='grc' dir='ltr'><strong>καὶ</strong></span> 
     </span>
    </p>
   </div>
   <div class='ocr_carea' id='block_1_62' title="bbox 331 3320 1925 3394">
    <p class='ocr_par' dir='ltr' id='par_1_62' title="bbox 331 3320 1925 3394">
     <span class='ocr_line' id='line_1_62' title="bbox 331 3320 1925 3394; baseline 0 -19"><span class='ocrx_word' id='word_1_454' title='bbox 331 3322 435 3390; x_wconf 76' lang='grc' dir='ltr'>τῆς</span> <span class='ocrx_word' id='word_1_455' title='bbox 465 3320 771 3385; x_wconf 81' lang='grc' dir='ltr'>Ἐλισάϐετ,</span> <span class='ocrx_word' id='word_1_456' title='bbox 799 3320 1092 3392; x_wconf 81' lang='grc' dir='ltr'>δεξαμένη,</span> <span class='ocrx_word' id='word_1_457' title='bbox 1119 3322 1400 3391; x_wconf 81' lang='grc' dir='ltr'>ἐνδέχεται</span> <span class='ocrx_word' id='word_1_458' title='bbox 1419 3322 1519 3394; x_wconf 80' lang='grc' dir='ltr'>τὴν</span> <span class='ocrx_word' id='word_1_459' title='bbox 1544 3323 1789 3376; x_wconf 77' lang='grc' dir='ltr'>ἔκϐασιν.</span> <span class='ocrx_word' id='word_1_460' title='bbox 1812 3325 1925 3377; x_wconf 78' lang='grc' dir='ltr'><strong>Καὶ</strong></span> 
     </span>
    </p>
   </div>
   <div class='ocr_carea' id='block_1_63' title="bbox 335 3412 1925 3485">
    <p class='ocr_par' dir='ltr' id='par_1_63' title="bbox 335 3412 1925 3485">
     <span class='ocr_line' id='line_1_63' title="bbox 335 3412 1925 3485; baseline 0 -19"><span class='ocrx_word' id='word_1_461' title='bbox 335 3414 552 3485; x_wconf 77' lang='grc' dir='ltr'>σιωπᾷν</span> <span class='ocrx_word' id='word_1_462' title='bbox 582 3414 683 3467; x_wconf 82' lang='grc' dir='ltr'><strong>οὐκ</strong></span> <span class='ocrx_word' id='word_1_463' title='bbox 718 3412 974 3483; x_wconf 82' lang='grc' dir='ltr'>ἀνέχεται</span> <span class='ocrx_word' id='word_1_464' title='bbox 1000 3429 1015 3444; x_wconf 84' lang='grc'><strong>·</strong></span> <span class='ocrx_word' id='word_1_465' title='bbox 1065 3412 1184 3467; x_wconf 75' lang='grc' dir='ltr'>ἀλλ’</span> <span class='ocrx_word' id='word_1_466' title='bbox 1210 3414 1314 3485; x_wconf 66' lang='grc' dir='ltr'><strong>ήδη</strong></span> <span class='ocrx_word' id='word_1_467' title='bbox 1353 3414 1417 3466; x_wconf 78' lang='grc' dir='ltr'>τὸ</span> <span class='ocrx_word' id='word_1_468' title='bbox 1446 3414 1630 3485; x_wconf 80' lang='grc' dir='ltr'>γεῦμα</span> <span class='ocrx_word' id='word_1_469' title='bbox 1678 3415 1773 3468; x_wconf 75' lang='grc' dir='ltr'><strong>καὶ</strong></span> <span class='ocrx_word' id='word_1_470' title='bbox 1823 3414 1925 3483; x_wconf 80' lang='grc' dir='ltr'>τὴν</span> 
     </span>
    </p>
   </div>
   <div class='ocr_carea' id='block_1_64' title="bbox 332 3504 1922 3578">
    <p class='ocr_par' dir='ltr' id='par_1_64' title="bbox 332 3504 1922 3578">
     <span class='ocr_line' id='line_1_64' title="bbox 332 3504 1922 3578; baseline -0.001 -19"><span class='ocrx_word' id='word_1_471' title='bbox 332 3506 591 3578; x_wconf 81' lang='grc' dir='ltr'>ἀπαρχὴν</span> <span class='ocrx_word' id='word_1_472' title='bbox 619 3506 715 3559; x_wconf 83' lang='grc' dir='ltr'><strong>τοῦ</strong></span> <span class='ocrx_word' id='word_1_473' title='bbox 751 3506 1076 3569; x_wconf 73' lang='grc' dir='ltr'>ἐπελθόντος</span> <span class='ocrx_word' id='word_1_474' title='bbox 1107 3505 1245 3575; x_wconf 75' lang='grc' dir='ltr'>αὐτῇ</span> <span class='ocrx_word' id='word_1_475' title='bbox 1296 3505 1456 3573; x_wconf 81' lang='grc' dir='ltr'>ἁγίου</span> <span class='ocrx_word' id='word_1_476' title='bbox 1490 3504 1813 3575; x_wconf 85' lang='grc' dir='ltr'>Πνεύματος</span> <span class='ocrx_word' id='word_1_477' title='bbox 1841 3504 1922 3557; x_wconf 78' lang='grc' dir='ltr'>δί-</span> 
     </span>
    </p>
   </div>
   <div class='ocr_carea' id='block_1_65' title="bbox 328 3594 1920 3670">
    <p class='ocr_par' dir='ltr' id='par_1_65' title="bbox 328 3594 1920 3670">
     <span class='ocr_line' id='line_1_65' title="bbox 328 3594 1920 3670; baseline -0.002 -18"><span class='ocrx_word' id='word_1_478' title='bbox 328 3599 487 3663; x_wconf 80' lang='grc' dir='ltr'>δωσι,</span> <span class='ocrx_word' id='word_1_479' title='bbox 518 3600 586 3653; x_wconf 87' lang='grc' dir='ltr'><strong>δι’</strong></span> <span class='ocrx_word' id='word_1_480' title='bbox 620 3594 694 3655; x_wconf 84' lang='grc' dir='ltr'>ὧν</span> <span class='ocrx_word' id='word_1_481' title='bbox 725 3599 1048 3670; x_wconf 73' lang='grc' dir='ltr'>φθέγγεται.</span> <span class='ocrx_word' id='word_1_482' title='bbox 1080 3598 1184 3651; x_wconf 80' lang='grc' dir='ltr'>Τοῦ</span> <span class='ocrx_word' id='word_1_483' title='bbox 1218 3596 1330 3668; x_wconf 80' lang='grc' dir='ltr'>γὰρ</span> <span class='ocrx_word' id='word_1_484' title='bbox 1358 3595 1596 3665; x_wconf 81' lang='grc' dir='ltr'>ἀγγέλου</span> <span class='ocrx_word' id='word_1_485' title='bbox 1623 3599 1920 3667; x_wconf 80' lang='grc' dir='ltr'>φήσαντος,</span> 
     </span>
    </p>
   </div>
   <div class='ocr_carea' id='block_1_66' title="bbox 332 3689 1923 3767">
    <p class='ocr_par' dir='ltr' id='par_1_66' title="bbox 332 3689 1923 3767">
     <span class='ocr_line' id='line_1_66' title="bbox 332 3689 1923 3767; baseline -0.006 -15"><span class='ocrx_word' id='word_1_486' title='bbox 332 3697 431 3752; x_wconf 72' lang='grc' dir='ltr'><strong>καὶ</strong></span> <span class='ocrx_word' id='word_1_487' title='bbox 465 3696 654 3766; x_wconf 74' lang='grc' dir='ltr'>σαφῶς</span> <span class='ocrx_word' id='word_1_488' title='bbox 700 3695 1202 3767; x_wconf 84' lang='grc' dir='ltr'>ἐπαγγειλαμένου,</span> <span class='ocrx_word' id='word_1_489' title='bbox 1237 3693 1464 3763; x_wconf 79' lang='grc' dir='ltr'>Πνεῦμα</span> <span class='ocrx_word' id='word_1_490' title='bbox 1506 3691 1664 3760; x_wconf 72' lang='grc' dir='ltr'>ἅγιον</span> <span class='ocrx_word' id='word_1_491' title='bbox 1693 3689 1923 3743; x_wconf 85' lang='grc' dir='ltr'>ἐπελεύ-</span> 
     </span>
    </p>
   </div>
   <div class='ocr_carea' id='block_1_67' title="bbox 335 3780 1924 3859">
    <p class='ocr_par' dir='ltr' id='par_1_67' title="bbox 335 3780 1924 3859">
     <span class='ocr_line' id='line_1_67' title="bbox 335 3780 1924 3859; baseline -0.005 -18"><span class='ocrx_word' id='word_1_492' title='bbox 335 3806 491 3842; x_wconf 80' lang='grc' dir='ltr'>σεται</span> <span class='ocrx_word' id='word_1_493' title='bbox 545 3788 870 3859; x_wconf 79' lang='grc' dir='ltr'>ἐπ⁶αύτήν·</span> <span class='ocrx_word' id='word_1_494' title='bbox 923 3788 1111 3858; x_wconf 81' lang='grc' dir='ltr'>ἐπειδὴ</span> <span class='ocrx_word' id='word_1_495' title='bbox 1154 3785 1355 3858; x_wconf 72' lang='grc' dir='ltr'>ἢκουσε</span> <span class='ocrx_word' id='word_1_496' title='bbox 1406 3783 1503 3837; x_wconf 82' lang='grc' dir='ltr'><strong>τοῦ</strong></span> <span class='ocrx_word' id='word_1_497' title='bbox 1554 3781 1721 3836; x_wconf 83' lang='grc' dir='ltr'>αὑτοῦ</span> <span class='ocrx_word' id='word_1_498' title='bbox 1766 3780 1924 3849; x_wconf 84' lang='grc' dir='ltr'>ἁγίου</span> 
     </span>
    </p>
   </div>
   <div class='ocr_carea' id='block_1_68' title="bbox 336 3874 1926 3952">
    <p class='ocr_par' dir='ltr' id='par_1_68' title="bbox 336 3874 1926 3952">
     <span class='ocr_line' id='line_1_68' title="bbox 336 3874 1926 3952; baseline -0.006 -17"><span class='ocrx_word' id='word_1_499' title='bbox 336 3883 658 3952; x_wconf 81' lang='grc' dir='ltr'>Πνεύματος</span> <span class='ocrx_word' id='word_1_500' title='bbox 681 3881 772 3935; x_wconf 74' lang='grc' dir='ltr'><strong>διὰ</strong></span> <span class='ocrx_word' id='word_1_501' title='bbox 799 3880 908 3935; x_wconf 81' lang='grc' dir='ltr'><strong>τῶν</strong></span> <span class='ocrx_word' id='word_1_502' title='bbox 939 3883 1040 3951; x_wconf 79' lang='grc' dir='ltr'>τῆς</span> <span class='ocrx_word' id='word_1_503' title='bbox 1073 3877 1372 3947; x_wconf 79' lang='grc' dir='ltr'>συγγενοῦς</span> <span class='ocrx_word' id='word_1_504' title='bbox 1397 3876 1594 3946; x_wconf 84' lang='grc' dir='ltr'>λόγων,</span> <span class='ocrx_word' id='word_1_505' title='bbox 1625 3874 1926 3946; x_wconf 83' lang='grc' dir='ltr'>πλήττεται</span> 
     </span>
    </p>
   </div>
   <div class='ocr_carea' id='block_1_69' title="bbox 334 3965 1925 4042">
    <p class='ocr_par' dir='ltr' id='par_1_69' title="bbox 334 3965 1925 4042">
     <span class='ocr_line' id='line_1_69' title="bbox 334 3965 1925 4042; baseline -0.006 -14"><span class='ocrx_word' id='word_1_506' title='bbox 334 3976 432 4028; x_wconf 70' lang='grc' dir='ltr'><strong>καὶ</strong></span> <span class='ocrx_word' id='word_1_507' title='bbox 480 3974 620 4042; x_wconf 83' lang='grc' dir='ltr'>αὑτὴ</span> <span class='ocrx_word' id='word_1_508' title='bbox 667 3974 707 4006; x_wconf 83' lang='grc'><strong>³⁸</strong></span> <span class='ocrx_word' id='word_1_509' title='bbox 750 3974 842 4026; x_wconf 73' lang='grc' dir='ltr'><strong>τὸν</strong></span> <span class='ocrx_word' id='word_1_510' title='bbox 886 3972 1047 4036; x_wconf 82' lang='grc' dir='ltr'>νοῦν,</span> <span class='ocrx_word' id='word_1_511' title='bbox 1099 3972 1193 4025; x_wconf 77' lang='grc' dir='ltr'>καὶ</span> <span class='ocrx_word' id='word_1_512' title='bbox 1242 3973 1475 4024; x_wconf 79' lang='grc' dir='ltr'>κινεῖται</span> <span class='ocrx_word' id='word_1_513' title='bbox 1523 3965 1925 4039; x_wconf 73' lang='grc' dir='ltr'>παραπλησίως</span> 
     </span>
    </p>
   </div>
   <div class='ocr_carea' id='block_1_70' title="bbox 333 4060 1928 4139">
    <p class='ocr_par' dir='ltr' id='par_1_70' title="bbox 333 4060 1928 4139">
     <span class='ocr_line' id='line_1_70' title="bbox 333 4060 1928 4139; baseline -0.007 -19"><span class='ocrx_word' id='word_1_514' title='bbox 333 4066 527 4139; x_wconf 74' lang='grc' dir='ltr'>ἐκείνῃ</span> <span class='ocrx_word' id='word_1_515' title='bbox 553 4066 634 4136; x_wconf 83' lang='grc' dir='ltr'>τῷ</span> <span class='ocrx_word' id='word_1_516' title='bbox 665 4066 818 4136; x_wconf 86' lang='grc' dir='ltr'><strong>αὑτῷ</strong></span> <span class='ocrx_word' id='word_1_517' title='bbox 856 4065 1171 4135; x_wconf 84' lang='grc' dir='ltr'>Πνεύματι·</span> <span class='ocrx_word' id='word_1_518' title='bbox 1206 4063 1296 4118; x_wconf 77' lang='grc' dir='ltr'>ἵνα</span> <span class='ocrx_word' id='word_1_519' title='bbox 1323 4063 1421 4119; x_wconf 73' lang='grc' dir='ltr'><strong>καὶ</strong></span> <span class='ocrx_word' id='word_1_520' title='bbox 1456 4063 1486 4115; x_wconf 87' lang='grc' dir='ltr'><strong>ό</strong></span> <span class='ocrx_word' id='word_1_521' title='bbox 1528 4061 1761 4130; x_wconf 81' lang='grc' dir='ltr'>ἄγγελος</span> <span class='ocrx_word' id='word_1_522' title='bbox 1794 4060 1928 4130; x_wconf 85' lang='grc' dir='ltr'>ἀλη-</span> 
     </span>
    </p>
   </div>
   <div class='ocr_carea' id='block_1_71' title="bbox 336 4154 1924 4233">
    <p class='ocr_par' dir='ltr' id='par_1_71' title="bbox 336 4154 1924 4233">
     <span class='ocr_line' id='line_1_71' title="bbox 336 4154 1924 4233; baseline -0.005 -19"><span class='ocrx_word' id='word_1_523' title='bbox 336 4156 530 4233; x_wconf 78' lang='grc' dir='ltr'>θεῦσῃ,</span> <span class='ocrx_word' id='word_1_524' title='bbox 578 4158 743 4224; x_wconf 81' lang='grc' dir='ltr'>όξέως</span> <span class='ocrx_word' id='word_1_525' title='bbox 789 4157 885 4212; x_wconf 85' lang='grc' dir='ltr'><strong>τοῦ</strong></span> <span class='ocrx_word' id='word_1_526' title='bbox 934 4157 1096 4226; x_wconf 91' lang='grc' dir='ltr'>λόγου</span> <span class='ocrx_word' id='word_1_527' title='bbox 1148 4157 1230 4221; x_wconf 82' lang='grc' dir='ltr'><strong>είς</strong></span> <span class='ocrx_word' id='word_1_528' title='bbox 1277 4155 1440 4226; x_wconf 79' lang='grc' dir='ltr'>ἔργον</span> <span class='ocrx_word' id='word_1_529' title='bbox 1483 4154 1924 4225; x_wconf 74' lang='grc' dir='ltr'>μεταϐαίνοντος,</span> 
     </span>
    </p>
   </div>
   <div class='ocr_carea' id='block_1_72' title="bbox 335 4244 1926 4322">
    <p class='ocr_par' dir='ltr' id='par_1_72' title="bbox 335 4244 1926 4322">
     <span class='ocr_line' id='line_1_72' title="bbox 335 4244 1926 4322; baseline -0.006 -14"><span class='ocrx_word' id='word_1_530' title='bbox 335 4251 433 4308; x_wconf 77' lang='grc' dir='ltr'><strong>τοῦ</strong></span> <span class='ocrx_word' id='word_1_531' title='bbox 466 4251 627 4321; x_wconf 80' lang='grc' dir='ltr'>ἁγίου</span> <span class='ocrx_word' id='word_1_532' title='bbox 666 4250 984 4322; x_wconf 78' lang='grc' dir='ltr'>Πνεῦματος</span> <span class='ocrx_word' id='word_1_533' title='bbox 1010 4248 1326 4321; x_wconf 82' lang='grc' dir='ltr'>ἀρξαμένου</span> <span class='ocrx_word' id='word_1_534' title='bbox 1359 4247 1575 4301; x_wconf 76' lang='grc' dir='ltr'>ἐπιέναι</span> <span class='ocrx_word' id='word_1_535' title='bbox 1610 4249 1678 4317; x_wconf 80' lang='grc' dir='ltr'><strong>τῇ</strong></span> <span class='ocrx_word' id='word_1_536' title='bbox 1711 4244 1926 4318; x_wconf 77' lang='grc' dir='ltr'>Μαρίᾳ.</span> 
     </span>
    </p>
   </div>
   <div class='ocr_carea' id='block_1_73' title="bbox 413 4419 1931 4496">
    <p class='ocr_par' dir='ltr' id='par_1_73' title="bbox 413 4419 1931 4496">
     <span class='ocr_line' id='line_1_73' title="bbox 413 4419 1931 4496; baseline -0.007 -15"><span class='ocrx_word' id='word_1_537' title='bbox 413 4426 510 4482; x_wconf 89' lang='lat' dir='ltr'><strong>lZ&#39;.</strong></span> <span class='ocrx_word' id='word_1_538' title='bbox 541 4427 671 4482; x_wconf 85' lang='grc' dir='ltr'>Ὅτε</span> <span class='ocrx_word' id='word_1_539' title='bbox 702 4426 761 4480; x_wconf 81' lang='grc' dir='ltr'><strong>δὲ</strong></span> <span class='ocrx_word' id='word_1_540' title='bbox 791 4425 914 4480; x_wconf 86' lang='grc' dir='ltr'>καθ’</span> <span class='ocrx_word' id='word_1_541' title='bbox 945 4425 1040 4479; x_wconf 73' lang='grc' dir='ltr'>ἕνα</span> <span class='ocrx_word' id='word_1_542' title='bbox 1072 4423 1266 4496; x_wconf 81' lang='grc' dir='ltr'>καιρὸν</span> <span class='ocrx_word' id='word_1_543' title='bbox 1309 4425 1369 4478; x_wconf 84' lang='grc' dir='ltr'><strong>ἐν</strong></span> <span class='ocrx_word' id='word_1_544' title='bbox 1399 4421 1477 4493; x_wconf 84' lang='grc' dir='ltr'>τῷ</span> <span class='ocrx_word' id='word_1_545' title='bbox 1510 4419 1661 4491; x_wconf 77' lang='grc' dir='ltr'>αὐτῷ</span> <span class='ocrx_word' id='word_1_546' title='bbox 1694 4419 1847 4489; x_wconf 86' lang='grc' dir='ltr'>τόπῳ</span> <span class='ocrx_word' id='word_1_547' title='bbox 1872 4420 1931 4471; x_wconf 77' lang='grc' dir='ltr'>ἐν</span> 
     </span>
    </p>
   </div>
   <div class='ocr_carea' id='block_1_74' title="bbox 2028 3226 3611 3306">
    <p class='ocr_par' dir='ltr' id='par_1_74' title="bbox 2028 3226 3611 3306">
     <span class='ocr_line' id='line_1_74' title="bbox 2028 3226 3611 3306; baseline -0.005 -18"><span class='ocrx_word' id='word_1_548' title='bbox 2028 3250 2150 3306; x_wconf 77' lang='lat' dir='ltr'><strong>qua:</strong></span> <span class='ocrx_word' id='word_1_549' title='bbox 2184 3235 2286 3290; x_wconf 88' lang='lat' dir='ltr'><strong>sibi</strong></span> <span class='ocrx_word' id='word_1_550' title='bbox 2320 3234 2390 3289; x_wconf 84' lang='lat' dir='ltr'><strong>ab</strong></span> <span class='ocrx_word' id='word_1_551' title='bbox 2410 3233 2675 3303; x_wconf 87' lang='lat' dir='ltr'><strong>utrisque,</strong></span> <span class='ocrx_word' id='word_1_552' title='bbox 2708 3232 2773 3288; x_wconf 89' lang='lat' dir='ltr'><strong>aL</strong></span> <span class='ocrx_word' id='word_1_553' title='bbox 2804 3231 2995 3302; x_wconf 81' lang='lat' dir='ltr'><strong>angelo</strong></span> <span class='ocrx_word' id='word_1_554' title='bbox 3018 3244 3212 3298; x_wconf 89' lang='lat' dir='ltr'><strong>nempe</strong></span> <span class='ocrx_word' id='word_1_555' title='bbox 3235 3237 3289 3284; x_wconf 88' lang='lat' dir='ltr'><strong>et</strong></span> <span class='ocrx_word' id='word_1_556' title='bbox 3311 3226 3611 3291; x_wconf 86' lang='lat' dir='ltr'><strong>Elisabeth,</strong></span> 
     </span>
    </p>
   </div>
   <div class='ocr_carea' id='block_1_75' title="bbox 2028 3322 3609 3394">
    <p class='ocr_par' dir='ltr' id='par_1_75' title="bbox 2028 3322 3609 3394">
     <span class='ocr_line' id='line_1_75' title="bbox 2028 3322 3609 3394; baseline -0.008 -10"><span class='ocrx_word' id='word_1_557' title='bbox 2028 3329 2096 3384; x_wconf 90' lang='lat' dir='ltr'><strong>de</strong></span> <span class='ocrx_word' id='word_1_558' title='bbox 2150 3326 2355 3383; x_wconf 80' lang='lat' dir='ltr'><strong>futuris</strong></span> <span class='ocrx_word' id='word_1_559' title='bbox 2385 3327 2531 3382; x_wconf 89' lang='lat' dir='ltr'><strong>dicta</strong></span> <span class='ocrx_word' id='word_1_560' title='bbox 2584 3324 2826 3389; x_wconf 78' lang='lat' dir='ltr'><strong>fuerant,</strong></span> <span class='ocrx_word' id='word_1_561' title='bbox 2880 3324 3039 3394; x_wconf 92' lang='lat' dir='ltr'><strong>plane</strong></span> <span class='ocrx_word' id='word_1_562' title='bbox 3079 3322 3310 3385; x_wconf 86' lang='lat' dir='ltr'><strong>conlisa.</strong></span> <span class='ocrx_word' id='word_1_563' title='bbox 3352 3331 3609 3377; x_wconf 87' lang='lat' dir='ltr'><strong>eventum</strong></span> 
     </span>
    </p>
   </div>
   <div class='ocr_carea' id='block_1_76' title="bbox 2027 3416 3615 3487">
    <p class='ocr_par' dir='ltr' id='par_1_76' title="bbox 2027 3416 3615 3487">
     <span class='ocr_line' id='line_1_76' title="bbox 2027 3416 3615 3487; baseline -0.006 -13"><span class='ocrx_word' id='word_1_564' title='bbox 2027 3427 2331 3487; x_wconf 79' lang='lat' dir='ltr'><strong>exspectat.</strong></span> <span class='ocrx_word' id='word_1_565' title='bbox 2357 3418 2468 3474; x_wconf 90' lang='lat' dir='ltr'><strong>Sed</strong></span> <span class='ocrx_word' id='word_1_566' title='bbox 2508 3432 2608 3473; x_wconf 89' lang='lat' dir='ltr'><strong>nec</strong></span> <span class='ocrx_word' id='word_1_567' title='bbox 2624 3418 2886 3473; x_wconf 82' lang='lat' dir='ltr'><strong>cohibere</strong></span> <span class='ocrx_word' id='word_1_568' title='bbox 2910 3416 3148 3485; x_wconf 72' lang='lat' dir='ltr'><strong>linguam</strong></span> <span class='ocrx_word' id='word_1_569' title='bbox 3177 3424 3391 3484; x_wconf 82' lang='lat' dir='ltr'><strong>potest;</strong></span> <span class='ocrx_word' id='word_1_570' title='bbox 3425 3426 3615 3466; x_wconf 75' lang='lat' dir='ltr'><strong>Verum</strong></span> 
     </span>
    </p>
   </div>
   <div class='ocr_carea' id='block_1_77' title="bbox 2028 3504 3620 3581">
    <p class='ocr_par' dir='ltr' id='par_1_77' title="bbox 2028 3504 3620 3581">
     <span class='ocr_line' id='line_1_77' title="bbox 2028 3504 3620 3581; baseline -0.004 -17"><span class='ocrx_word' id='word_1_571' title='bbox 2028 3526 2129 3581; x_wconf 88' lang='lat' dir='ltr'><strong>per</strong></span> <span class='ocrx_word' id='word_1_572' title='bbox 2162 3523 2330 3567; x_wconf 85' lang='lat' dir='ltr'><strong>voces</strong></span> <span class='ocrx_word' id='word_1_573' title='bbox 2375 3508 2430 3562; x_wconf 90' lang='lat' dir='ltr'><strong>in</strong></span> <span class='ocrx_word' id='word_1_574' title='bbox 2470 3524 2609 3578; x_wconf 86' lang='lat' dir='ltr'><strong>quas</strong></span> <span class='ocrx_word' id='word_1_575' title='bbox 2642 3510 2902 3577; x_wconf 88' lang='lat' dir='ltr'><strong>erumpit,</strong></span> <span class='ocrx_word' id='word_1_576' title='bbox 2933 3508 3213 3575; x_wconf 87' lang='lat' dir='ltr'><strong>specimen</strong></span> <span class='ocrx_word' id='word_1_577' title='bbox 3243 3520 3308 3560; x_wconf 88' lang='lat' dir='ltr'><strong>ac</strong></span> <span class='ocrx_word' id='word_1_578' title='bbox 3350 3504 3620 3574; x_wconf 88' lang='lat' dir='ltr'><strong>primitias</strong></span> 
     </span>
    </p>
   </div>
   <div class='ocr_carea' id='block_1_78' title="bbox 2027 3597 3622 3673">
    <p class='ocr_par' dir='ltr' id='par_1_78' title="bbox 2027 3597 3622 3673">
     <span class='ocr_line' id='line_1_78' title="bbox 2027 3597 3622 3673; baseline -0.004 -15"><span class='ocrx_word' id='word_1_579' title='bbox 2027 3607 2204 3660; x_wconf 89' lang='lat' dir='ltr'><strong>sancti</strong></span> <span class='ocrx_word' id='word_1_580' title='bbox 2231 3604 2489 3673; x_wconf 89' lang='lat' dir='ltr'><strong>Spiritus,</strong></span> <span class='ocrx_word' id='word_1_581' title='bbox 2522 3604 2616 3673; x_wconf 90' lang='lat' dir='ltr'><strong>qui</strong></span> <span class='ocrx_word' id='word_1_582' title='bbox 2648 3603 2702 3655; x_wconf 90' lang='lat' dir='ltr'><strong>in</strong></span> <span class='ocrx_word' id='word_1_583' title='bbox 2737 3618 2857 3657; x_wconf 88' lang='lat' dir='ltr'><strong>eam</strong></span> <span class='ocrx_word' id='word_1_584' title='bbox 2887 3606 3301 3671; x_wconf 88' lang='lat' dir='ltr'><strong>supervenerat,</strong></span> <span class='ocrx_word' id='word_1_585' title='bbox 3327 3597 3442 3667; x_wconf 85' lang='lat' dir='ltr'><strong>jam</strong></span> <span class='ocrx_word' id='word_1_586' title='bbox 3482 3612 3622 3668; x_wconf 84' lang='lat' dir='ltr'><strong>pra:-</strong></span> 
     </span>
    </p>
   </div>
   <div class='ocr_carea' id='block_1_79' title="bbox 2028 3688 3621 3761">
    <p class='ocr_par' dir='ltr' id='par_1_79' title="bbox 2028 3688 3621 3761">
     <span class='ocr_line' id='line_1_79' title="bbox 2028 3688 3621 3761; baseline -0.005 -12"><span class='ocrx_word' id='word_1_587' title='bbox 2028 3694 2143 3750; x_wconf 92' lang='lat' dir='ltr'><strong>bet.</strong></span> <span class='ocrx_word' id='word_1_588' title='bbox 2186 3693 2322 3749; x_wconf 86' lang='lat' dir='ltr'><strong>Cum</strong></span> <span class='ocrx_word' id='word_1_589' title='bbox 2375 3693 2521 3747; x_wconf 89' lang='lat' dir='ltr'><strong>enim</strong></span> <span class='ocrx_word' id='word_1_590' title='bbox 2557 3692 2779 3761; x_wconf 67' lang='lat' dir='ltr'><strong>angelus</strong></span> <span class='ocrx_word' id='word_1_591' title='bbox 2810 3690 3061 3755; x_wconf 76' lang='lat' dir='ltr'><strong>dixisset,</strong></span> <span class='ocrx_word' id='word_1_592' title='bbox 3092 3698 3253 3757; x_wconf 89' lang='lat' dir='ltr'><strong>atque</strong></span> <span class='ocrx_word' id='word_1_593' title='bbox 3300 3697 3489 3757; x_wconf 81' lang='lat' dir='ltr'><strong>aperte</strong></span> <span class='ocrx_word' id='word_1_594' title='bbox 3522 3688 3621 3742; x_wconf 89' lang='lat' dir='ltr'><strong>de-</strong></span> 
     </span>
    </p>
   </div>
   <div class='ocr_carea' id='block_1_80' title="bbox 2029 3781 3618 3853">
    <p class='ocr_par' dir='ltr' id='par_1_80' title="bbox 2029 3781 3618 3853">
     <span class='ocr_line' id='line_1_80' title="bbox 2029 3781 3618 3853; baseline -0.004 -12"><span class='ocrx_word' id='word_1_595' title='bbox 2029 3788 2339 3841; x_wconf 83' lang='lat' dir='ltr'><strong>nuntiasset</strong></span> <span class='ocrx_word' id='word_1_596' title='bbox 2370 3792 2399 3821; x_wconf 73' lang='grc'>³</span> <span class='ocrx_word' id='word_1_597' title='bbox 2423 3822 2439 3849; x_wconf 94' lang='grc'><strong>,</strong></span> <span class='ocrx_word' id='word_1_598' title='bbox 2478 3784 2743 3853; x_wconf 80' lang='lat' dir='ltr'><strong>Spiritqu</strong></span> <span class='ocrx_word' id='word_1_599' title='bbox 2775 3792 3027 3839; x_wconf 85' lang='lat' dir='ltr'><strong>sanctum</strong></span> <span class='ocrx_word' id='word_1_600' title='bbox 3073 3790 3528 3851; x_wconf 86' lang='lat' dir='ltr'><strong>superventurum</strong></span> <span class='ocrx_word' id='word_1_601' title='bbox 3565 3781 3618 3834; x_wconf 92' lang='lat' dir='ltr'><strong>in</strong></span> 
     </span>
    </p>
   </div>
   <div class='ocr_carea' id='block_1_81' title="bbox 2028 3872 3622 3950">
    <p class='ocr_par' dir='ltr' id='par_1_81' title="bbox 2028 3872 3622 3950">
     <span class='ocr_line' id='line_1_81' title="bbox 2028 3872 3622 3950; baseline -0.005 -15"><span class='ocrx_word' id='word_1_602' title='bbox 2028 3879 2249 3950; x_wconf 88' lang='lat' dir='ltr'><strong>ipsam;</strong></span> <span class='ocrx_word' id='word_1_603' title='bbox 2299 3887 2588 3948; x_wconf 87' lang='lat' dir='ltr'><strong>postquam</strong></span> <span class='ocrx_word' id='word_1_604' title='bbox 2640 3876 2891 3931; x_wconf 89' lang='lat' dir='ltr'><strong>eumdem</strong></span> <span class='ocrx_word' id='word_1_605' title='bbox 2939 3883 3190 3930; x_wconf 88' lang='lat' dir='ltr'><strong>sanctum</strong></span> <span class='ocrx_word' id='word_1_606' title='bbox 3230 3872 3494 3940; x_wconf 89' lang='lat' dir='ltr'><strong>Spiritum</strong></span> <span class='ocrx_word' id='word_1_607' title='bbox 3523 3887 3622 3942; x_wconf 86' lang='lat' dir='ltr'><strong>per</strong></span> 
     </span>
    </p>
   </div>
   <div class='ocr_carea' id='block_1_82' title="bbox 2033 3963 3622 4043">
    <p class='ocr_par' dir='ltr' id='par_1_82' title="bbox 2033 3963 3622 4043">
     <span class='ocr_line' id='line_1_82' title="bbox 2033 3963 3622 4043; baseline -0.006 -16"><span class='ocrx_word' id='word_1_608' title='bbox 2033 3980 2275 4043; x_wconf 74' lang='lat' dir='ltr'><strong>cognata:</strong></span> <span class='ocrx_word' id='word_1_609' title='bbox 2306 3983 2588 4025; x_wconf 85' lang='lat' dir='ltr'><strong>sermones</strong></span> <span class='ocrx_word' id='word_1_610' title='bbox 2617 3965 2981 4042; x_wconf 83' lang='lat' dir='ltr'><strong>(loquentem)</strong></span> <span class='ocrx_word' id='word_1_611' title='bbox 3037 3964 3265 4030; x_wconf 85' lang='lat' dir='ltr'><strong>audivit,</strong></span> <span class='ocrx_word' id='word_1_612' title='bbox 3311 3963 3622 4034; x_wconf 87' lang='lat' dir='ltr'><strong>percellitur</strong></span> 
     </span>
    </p>
   </div>
   <div class='ocr_carea' id='block_1_83' title="bbox 2033 4056 3615 4132">
    <p class='ocr_par' dir='ltr' id='par_1_83' title="bbox 2033 4056 3615 4132">
     <span class='ocr_line' id='line_1_83' title="bbox 2033 4056 3615 4132; baseline -0.005 -15"><span class='ocrx_word' id='word_1_613' title='bbox 2033 4073 2089 4117; x_wconf 92' lang='lat' dir='ltr'><strong>et</strong></span> <span class='ocrx_word' id='word_1_614' title='bbox 2123 4063 2264 4132; x_wconf 89' lang='lat' dir='ltr'><strong>ipsa,</strong></span> <span class='ocrx_word' id='word_1_615' title='bbox 2294 4070 2351 4117; x_wconf 89' lang='lat' dir='ltr'><strong>et</strong></span> <span class='ocrx_word' id='word_1_616' title='bbox 2377 4061 2567 4117; x_wconf 88' lang='lat' dir='ltr'><strong>eodem</strong></span> <span class='ocrx_word' id='word_1_617' title='bbox 2597 4060 2802 4130; x_wconf 89' lang='lat' dir='ltr'><strong>pariter</strong></span> <span class='ocrx_word' id='word_1_618' title='bbox 2844 4072 2909 4113; x_wconf 89' lang='lat' dir='ltr'><strong>ac</strong></span> <span class='ocrx_word' id='word_1_619' title='bbox 2932 4058 3023 4113; x_wconf 90' lang='lat' dir='ltr'><strong>illa</strong></span> <span class='ocrx_word' id='word_1_620' title='bbox 3070 4056 3265 4126; x_wconf 89' lang='lat' dir='ltr'><strong>spiritu</strong></span> <span class='ocrx_word' id='word_1_621' title='bbox 3313 4057 3517 4128; x_wconf 76' lang='lat' dir='ltr'><strong>agitur,</strong></span> <span class='ocrx_word' id='word_1_622' title='bbox 3552 4065 3615 4111; x_wconf 91' lang='lat' dir='ltr'><strong>ut</strong></span> 
     </span>
    </p>
   </div>
   <div class='ocr_carea' id='block_1_84' title="bbox 2035 4149 3622 4227">
    <p class='ocr_par' dir='ltr' id='par_1_84' title="bbox 2035 4149 3622 4227">
     <span class='ocr_line' id='line_1_84' title="bbox 2035 4149 3622 4227; baseline -0.006 -17"><span class='ocrx_word' id='word_1_623' title='bbox 2035 4154 2428 4227; x_wconf 87' lang='lat' dir='ltr'><strong>pollicitatione</strong></span> <span class='ocrx_word' id='word_1_624' title='bbox 2459 4152 2642 4207; x_wconf 86' lang='lat' dir='ltr'><strong>statim</strong></span> <span class='ocrx_word' id='word_1_625' title='bbox 2667 4151 2720 4205; x_wconf 93' lang='lat' dir='ltr'><strong>in</strong></span> <span class='ocrx_word' id='word_1_626' title='bbox 2750 4163 2887 4219; x_wconf 82' lang='lat' dir='ltr'><strong>opus</strong></span> <span class='ocrx_word' id='word_1_627' title='bbox 2909 4149 3164 4217; x_wconf 84' lang='lat' dir='ltr'><strong>deducta,</strong></span> <span class='ocrx_word' id='word_1_628' title='bbox 3195 4159 3386 4202; x_wconf 73' lang='lat' dir='ltr'><strong>Sancto</strong></span> <span class='ocrx_word' id='word_1_629' title='bbox 3427 4160 3622 4215; x_wconf 90' lang='lat' dir='ltr'><strong>nempe</strong></span> 
     </span>
    </p>
   </div>
   <div class='ocr_carea' id='block_1_85' title="bbox 2035 4238 3617 4317">
    <p class='ocr_par' dir='ltr' id='par_1_85' title="bbox 2035 4238 3617 4317">
     <span class='ocr_line' id='line_1_85' title="bbox 2035 4238 3617 4317; baseline -0.006 -17"><span class='ocrx_word' id='word_1_630' title='bbox 2035 4247 2240 4317; x_wconf 82' lang='lat' dir='ltr'><strong>Spiritu</strong></span> <span class='ocrx_word' id='word_1_631' title='bbox 2266 4244 2449 4301; x_wconf 71' lang='lat' dir='ltr'><strong>Maria:</strong></span> <span class='ocrx_word' id='word_1_632' title='bbox 2479 4243 2626 4300; x_wconf 85' lang='lat' dir='ltr'><strong>illabi</strong></span> <span class='ocrx_word' id='word_1_633' title='bbox 2659 4242 2983 4317; x_wconf 85' lang='lat' dir='ltr'><strong>incipiente,</strong></span> <span class='ocrx_word' id='word_1_634' title='bbox 3007 4241 3170 4295; x_wconf 83' lang='lat' dir='ltr'><strong>etiam</strong></span> <span class='ocrx_word' id='word_1_635' title='bbox 3195 4238 3424 4309; x_wconf 82' lang='lat' dir='ltr'><strong>angelus</strong></span> <span class='ocrx_word' id='word_1_636' title='bbox 3454 4253 3617 4293; x_wconf 79' lang='lat' dir='ltr'><strong>verax</strong></span> 
     </span>
    </p>
   </div>
   <div class='ocr_carea' id='block_1_86' title="bbox 2034 4347 2407 4411">
    <p class='ocr_par' dir='ltr' id='par_1_86' title="bbox 2034 4347 2407 4411">
     <span class='ocr_line' id='line_1_86' title="bbox 2034 4347 2407 4411; baseline 0 -17"><span class='ocrx_word' id='word_1_637' title='bbox 2034 4347 2340 4411; x_wconf 87' lang='lat' dir='ltr'><strong>appareret.</strong></span> <span class='ocrx_word' id='word_1_638' title='bbox 2402 4348 2407 4353; x_wconf 84' lang='lat'><strong>‘</strong></span> 
     </span>
    </p>
   </div>
   <div class='ocr_carea' id='block_1_87' title="bbox 2107 4420 3622 4495">
    <p class='ocr_par' dir='ltr' id='par_1_87' title="bbox 2107 4420 3622 4495">
     <span class='ocr_line' id='line_1_87' title="bbox 2107 4420 3622 4495; baseline -0.007 -9"><span class='ocrx_word' id='word_1_639' title='bbox 2107 4430 2272 4487; x_wconf 83' lang='lat' dir='ltr'><strong>XVII.</strong></span> <span class='ocrx_word' id='word_1_640' title='bbox 2300 4431 2435 4486; x_wconf 89' lang='lat' dir='ltr'><strong>Cum</strong></span> <span class='ocrx_word' id='word_1_641' title='bbox 2467 4440 2647 4485; x_wconf 83' lang='lat' dir='ltr'><strong>autem</strong></span> <span class='ocrx_word' id='word_1_642' title='bbox 2675 4428 2865 4483; x_wconf 88' lang='lat' dir='ltr'><strong>eodem</strong></span> <span class='ocrx_word' id='word_1_643' title='bbox 2898 4434 3143 4495; x_wconf 87' lang='lat' dir='ltr'><strong>tempore</strong></span> <span class='ocrx_word' id='word_1_644' title='bbox 3166 4423 3470 4492; x_wconf 89' lang='lat' dir='ltr'><strong>eodemque</strong></span> <span class='ocrx_word' id='word_1_645' title='bbox 3498 4420 3622 4476; x_wconf 89' lang='lat' dir='ltr'><strong>loco</strong></span> 
     </span>
    </p>
   </div>
   <div class='ocr_carea' id='block_1_88' title="bbox 341 4512 1926 4591">
    <p class='ocr_par' dir='ltr' id='par_1_88' title="bbox 341 4512 1926 4591">
     <span class='ocr_line' id='line_1_88' title="bbox 341 4512 1926 4591; baseline -0.007 -16"><span class='ocrx_word' id='word_1_646' title='bbox 341 4521 468 4575; x_wconf 71' lang='grc' dir='ltr'>δυσὶ</span> <span class='ocrx_word' id='word_1_647' title='bbox 511 4520 762 4589; x_wconf 69' lang='grc' dir='ltr'>γυναιξὶν</span> <span class='ocrx_word' id='word_1_648' title='bbox 802 4518 1063 4591; x_wconf 74' lang='grc' dir='ltr'>ἐνεργοῦν</span> <span class='ocrx_word' id='word_1_649' title='bbox 1098 4518 1372 4588; x_wconf 85' lang='grc' dir='ltr'>ἐφαίνετο,</span> <span class='ocrx_word' id='word_1_650' title='bbox 1425 4518 1484 4568; x_wconf 90' lang='grc' dir='ltr'><strong>ἐν</strong></span> <span class='ocrx_word' id='word_1_651' title='bbox 1528 4514 1719 4585; x_wconf 78' lang='grc' dir='ltr'>στείρᾳ</span> <span class='ocrx_word' id='word_1_652' title='bbox 1744 4530 1805 4566; x_wconf 87' lang='grc' dir='ltr'><strong>τε</strong></span> <span class='ocrx_word' id='word_1_653' title='bbox 1836 4512 1926 4565; x_wconf 67' lang='grc' dir='ltr'><strong>καὶ</strong></span> 
     </span>
    </p>
   </div>
   <div class='ocr_carea' id='block_1_89' title="bbox 2025 4512 3622 4591">
    <p class='ocr_par' dir='ltr' id='par_1_89' title="bbox 2042 4514 3622 4590">
     <span class='ocr_line' id='line_1_89' title="bbox 2042 4514 3622 4590; baseline -0.009 -10"><span class='ocrx_word' id='word_1_654' title='bbox 2042 4526 2094 4580; x_wconf 89' lang='lat' dir='ltr'><strong>in</strong></span> <span class='ocrx_word' id='word_1_655' title='bbox 2120 4526 2331 4580; x_wconf 88' lang='lat' dir='ltr'><strong>duabus</strong></span> <span class='ocrx_word' id='word_1_656' title='bbox 2360 4521 2677 4577; x_wconf 85' lang='lat' dir='ltr'><strong>mulieribus</strong></span> <span class='ocrx_word' id='word_1_657' title='bbox 2708 4519 2929 4590; x_wconf 86' lang='lat' dir='ltr'><strong>operari</strong></span> <span class='ocrx_word' id='word_1_658' title='bbox 2964 4527 3286 4574; x_wconf 88' lang='lat' dir='ltr'><strong>cerneretur</strong></span> <span class='ocrx_word' id='word_1_659' title='bbox 3316 4514 3622 4587; x_wconf 84' lang='lat' dir='ltr'><strong>(Spiritus),</strong></span> 
     </span>
    </p>
   </div>
   <div class='ocr_carea' id='block_1_90' title="bbox 344 4606 1926 4687">
    <p class='ocr_par' dir='ltr' id='par_1_90' title="bbox 344 4606 1926 4687">
     <span class='ocr_line' id='line_1_90' title="bbox 344 4606 1926 4687; baseline -0.006 -20"><span class='ocrx_word' id='word_1_660' title='bbox 344 4614 623 4687; x_wconf 82' lang='grc' dir='ltr'>παρθένῳ,</span> <span class='ocrx_word' id='word_1_661' title='bbox 670 4615 769 4682; x_wconf 81' lang='grc' dir='ltr'>τῆς</span> <span class='ocrx_word' id='word_1_662' title='bbox 798 4613 919 4683; x_wconf 53' lang='grc' dir='ltr'>κμὲν</span> <span class='ocrx_word' id='word_1_663' title='bbox 955 4611 1176 4682; x_wconf 80' lang='grc' dir='ltr'>στείρας</span> <span class='ocrx_word' id='word_1_664' title='bbox 1219 4607 1627 4681; x_wconf 77' lang='grc' dir='ltr'>προλαϐούσης,</span> <span class='ocrx_word' id='word_1_665' title='bbox 1670 4607 1793 4661; x_wconf 82' lang='grc' dir='ltr'>ἐπεὶ</span> <span class='ocrx_word' id='word_1_666' title='bbox 1839 4606 1926 4661; x_wconf 64' lang='grc' dir='ltr'><strong>καὶ</strong></span> 
     </span>
    </p>
   </div>
   <div class='ocr_carea' id='block_1_91' title="bbox 2025 4606 3624 4687">
    <p class='ocr_par' dir='ltr' id='par_1_91' title="bbox 2043 4607 3624 4682">
     <span class='ocr_line' id='line_1_91' title="bbox 2043 4607 3624 4682; baseline -0.009 -9"><span class='ocrx_word' id='word_1_667' title='bbox 2043 4625 2097 4673; x_wconf 92' lang='lat' dir='ltr'><strong>et</strong></span> <span class='ocrx_word' id='word_1_668' title='bbox 2128 4619 2181 4672; x_wconf 91' lang='lat' dir='ltr'><strong>in</strong></span> <span class='ocrx_word' id='word_1_669' title='bbox 2211 4615 2384 4671; x_wconf 91' lang='lat' dir='ltr'><strong>sterili</strong></span> <span class='ocrx_word' id='word_1_670' title='bbox 2431 4615 2646 4670; x_wconf 89' lang='lat' dir='ltr'><strong>scilicet</strong></span> <span class='ocrx_word' id='word_1_671' title='bbox 2686 4622 2742 4668; x_wconf 91' lang='lat' dir='ltr'><strong>et</strong></span> <span class='ocrx_word' id='word_1_672' title='bbox 2794 4613 2847 4667; x_wconf 93' lang='lat' dir='ltr'><strong>in</strong></span> <span class='ocrx_word' id='word_1_673' title='bbox 2884 4612 3118 4682; x_wconf 73' lang='lat' dir='ltr'><strong>virgine.</strong></span> <span class='ocrx_word' id='word_1_674' title='bbox 3168 4608 3337 4667; x_wconf 88' lang='lat' dir='ltr'><strong>sterili</strong></span> <span class='ocrx_word' id='word_1_675' title='bbox 3380 4607 3624 4676; x_wconf 89' lang='lat' dir='ltr'><strong>quidem,</strong></span> 
     </span>
    </p>
   </div>
   <div class='ocr_carea' id='block_1_92' title="bbox 344 4698 1926 4779">
    <p class='ocr_par' dir='ltr' id='par_1_92' title="bbox 344 4698 1926 4778">
     <span class='ocr_line' id='line_1_92' title="bbox 344 4698 1926 4778; baseline -0.004 -18"><span class='ocrx_word' id='word_1_676' title='bbox 344 4708 664 4778; x_wconf 87' lang='grc' dir='ltr'>Πρόδρομον</span> <span class='ocrx_word' id='word_1_677' title='bbox 691 4705 1027 4776; x_wconf 82' lang='grc' dir='ltr'>συνειλήφει,</span> <span class='ocrx_word' id='word_1_678' title='bbox 1050 4704 1145 4757; x_wconf 74' lang='grc' dir='ltr'><strong>καὶ</strong></span> <span class='ocrx_word' id='word_1_679' title='bbox 1173 4702 1588 4774; x_wconf 81' lang='grc' dir='ltr'>μακαριζούσης</span> <span class='ocrx_word' id='word_1_680' title='bbox 1623 4701 1720 4771; x_wconf 80' lang='grc' dir='ltr'>τὴν</span> <span class='ocrx_word' id='word_1_681' title='bbox 1742 4698 1926 4754; x_wconf 88' lang='grc' dir='ltr'>Θεοτό-</span> 
     </span>
    </p>
   </div>
   <div class='ocr_carea' id='block_1_93' title="bbox 2025 4698 3629 4779">
    <p class='ocr_par' dir='ltr' id='par_1_93' title="bbox 2041 4705 3629 4779">
     <span class='ocr_line' id='line_1_93' title="bbox 2041 4705 3629 4779; baseline -0.009 -16"><span class='ocrx_word' id='word_1_682' title='bbox 2041 4718 2334 4779; x_wconf 88' lang='lat' dir='ltr'><strong>postquam</strong></span> <span class='ocrx_word' id='word_1_683' title='bbox 2381 4706 2783 4762; x_wconf 77' lang='lat' dir='ltr'><strong>Prteeursorem</strong></span> <span class='ocrx_word' id='word_1_684' title='bbox 2843 4711 3198 4771; x_wconf 81' lang='lat' dir='ltr'><strong>conceperat,</strong></span> <span class='ocrx_word' id='word_1_685' title='bbox 3236 4705 3531 4769; x_wconf 71' lang='lat' dir='ltr'><strong>praeeunte,</strong></span> <span class='ocrx_word' id='word_1_686' title='bbox 3570 4707 3629 4750; x_wconf 89' lang='lat' dir='ltr'><strong>et</strong></span> 
     </span>
    </p>
   </div>
   <div class='ocr_carea' id='block_1_94' title="bbox 346 4791 1926 4869">
    <p class='ocr_par' dir='ltr' id='par_1_94' title="bbox 346 4791 1926 4869">
     <span class='ocr_line' id='line_1_94' title="bbox 346 4791 1926 4869; baseline -0.006 -16"><span class='ocrx_word' id='word_1_687' title='bbox 346 4815 467 4860; x_wconf 85' lang='grc' dir='ltr'>κον,</span> <span class='ocrx_word' id='word_1_688' title='bbox 499 4801 601 4869; x_wconf 74' lang='grc' dir='ltr'>τῆς</span> <span class='ocrx_word' id='word_1_689' title='bbox 638 4797 699 4851; x_wconf 80' lang='grc' dir='ltr'><strong>δὲ</strong></span> <span class='ocrx_word' id='word_1_690' title='bbox 736 4795 1007 4869; x_wconf 87' lang='grc' dir='ltr'>παρθένου</span> <span class='ocrx_word' id='word_1_691' title='bbox 1049 4793 1549 4864; x_wconf 82' lang='grc' dir='ltr'>ἐπακολουθούσης,</span> <span class='ocrx_word' id='word_1_692' title='bbox 1603 4792 1792 4860; x_wconf 83' lang='grc' dir='ltr'>ἐπειδὴ</span> <span class='ocrx_word' id='word_1_693' title='bbox 1846 4791 1926 4845; x_wconf 67' lang='grc' dir='ltr'><strong>τὸν</strong></span> 
     </span>
    </p>
   </div>
   <div class='ocr_carea' id='block_1_95' title="bbox 2025 4791 3628 4869">
    <p class='ocr_par' dir='ltr' id='par_1_95' title="bbox 2045 4793 3628 4866">
     <span class='ocr_line' id='line_1_95' title="bbox 2045 4793 3628 4866; baseline -0.007 -13"><span class='ocrx_word' id='word_1_694' title='bbox 2045 4798 2259 4853; x_wconf 88' lang='lat' dir='ltr'><strong>beatam</strong></span> <span class='ocrx_word' id='word_1_695' title='bbox 2290 4798 2631 4866; x_wconf 39' lang='lat' dir='ltr'><strong>praedicante</strong></span> <span class='ocrx_word' id='word_1_696' title='bbox 2688 4796 2977 4865; x_wconf 88' lang='lat' dir='ltr'><strong>Deiparam</strong></span> <span class='ocrx_word' id='word_1_697' title='bbox 3010 4793 3262 4863; x_wconf 81' lang='lat' dir='ltr'><strong>;virgiue</strong></span> <span class='ocrx_word' id='word_1_698' title='bbox 3292 4805 3440 4854; x_wconf 86' lang='lat' dir='ltr'><strong>vero,</strong></span> <span class='ocrx_word' id='word_1_699' title='bbox 3477 4798 3628 4856; x_wconf 87' lang='lat' dir='ltr'><strong>post-</strong></span> 
     </span>
    </p>
   </div>
   <div class='ocr_carea' id='block_1_96' title="bbox 348 4878 1926 4959">
    <p class='ocr_par' dir='ltr' id='par_1_96' title="bbox 348 4878 1926 4959">
     <span class='ocr_line' id='line_1_96' title="bbox 348 4878 1926 4959; baseline -0.005 -17"><span class='ocrx_word' id='word_1_700' title='bbox 348 4888 754 4959; x_wconf 83' lang='grc' dir='ltr'>γηρυττόμενον</span> <span class='ocrx_word' id='word_1_701' title='bbox 806 4884 1254 4955; x_wconf 59' lang='grc' dir='ltr'>συνελάμϐανεν</span> <span class='ocrx_word' id='word_1_702' title='bbox 1303 4885 1400 4937; x_wconf 70' lang='grc' dir='ltr'><strong>καὶ</strong></span> <span class='ocrx_word' id='word_1_703' title='bbox 1449 4878 1534 4945; x_wconf 76' lang='grc' dir='ltr'>εἷς</span> <span class='ocrx_word' id='word_1_704' title='bbox 1563 4882 1819 4952; x_wconf 81' lang='grc' dir='ltr'>τεχνίτης</span> <span class='ocrx_word' id='word_1_705' title='bbox 1872 4880 1926 4934; x_wconf 74' lang='grc' dir='ltr'>τὲ</span> 
     </span>
    </p>
   </div>
   <div class='ocr_carea' id='block_1_97' title="bbox 2025 4878 3629 4959">
    <p class='ocr_par' dir='ltr' id='par_1_97' title="bbox 2041 4886 3629 4959">
     <span class='ocr_line' id='line_1_97' title="bbox 2041 4886 3629 4959; baseline -0.008 -16"><span class='ocrx_word' id='word_1_706' title='bbox 2041 4903 2204 4959; x_wconf 88' lang='lat' dir='ltr'><strong>quam</strong></span> <span class='ocrx_word' id='word_1_707' title='bbox 2234 4887 2656 4957; x_wconf 59' lang='lat' dir='ltr'><strong>praenuntiatum</strong></span> <span class='ocrx_word' id='word_1_708' title='bbox 2693 4892 3041 4955; x_wconf 81' lang='lat' dir='ltr'><strong>conceperat,</strong></span> <span class='ocrx_word' id='word_1_709' title='bbox 3066 4890 3351 4952; x_wconf 88' lang='lat' dir='ltr'><strong>sequente,</strong></span> <span class='ocrx_word' id='word_1_710' title='bbox 3401 4886 3456 4934; x_wconf 82' lang='lat' dir='ltr'><strong>ct</strong></span> <span class='ocrx_word' id='word_1_711' title='bbox 3489 4892 3629 4932; x_wconf 84' lang='lat' dir='ltr'><strong>unus</strong></span> 
     </span>
    </p>
   </div>
   <div class='ocr_carea' id='block_1_98' title="bbox 349 4972 1926 5049">
    <p class='ocr_par' dir='ltr' id='par_1_98' title="bbox 349 4972 1926 5049">
     <span class='ocr_line' id='line_1_98' title="bbox 349 4972 1926 5049; baseline -0.006 -15"><span class='ocrx_word' id='word_1_712' title='bbox 349 4980 576 5049; x_wconf 83' lang='grc' dir='ltr'>Πνεῦμα</span> <span class='ocrx_word' id='word_1_713' title='bbox 620 4980 684 5033; x_wconf 85' lang='grc' dir='ltr'>τὸ</span> <span class='ocrx_word' id='word_1_714' title='bbox 724 4980 881 5047; x_wconf 82' lang='grc' dir='ltr'>ἀγιον</span> <span class='ocrx_word' id='word_1_715' title='bbox 934 4977 1029 5031; x_wconf 84' lang='grc' dir='ltr'><strong>δύο</strong></span> <span class='ocrx_word' id='word_1_716' title='bbox 1079 4976 1252 5047; x_wconf 81' lang='grc' dir='ltr'>λύρας</span> <span class='ocrx_word' id='word_1_717' title='bbox 1288 4976 1549 5039; x_wconf 81' lang='grc' dir='ltr'>ἀνεκίνει,</span> <span class='ocrx_word' id='word_1_718' title='bbox 1598 4974 1695 5027; x_wconf 86' lang='grc' dir='ltr'>δύο</span> <span class='ocrx_word' id='word_1_719' title='bbox 1754 4972 1926 5043; x_wconf 76' lang='grc' dir='ltr'>ψυχὰς</span> 
     </span>
    </p>
   </div>
   <div class='ocr_carea' id='block_1_99' title="bbox 2025 4972 3627 5049">
    <p class='ocr_par' dir='ltr' id='par_1_99' title="bbox 2044 4976 3627 5049">
     <span class='ocr_line' id='line_1_99' title="bbox 2044 4976 3627 5049; baseline -0.009 -13"><span class='ocrx_word' id='word_1_720' title='bbox 2044 4979 2268 5045; x_wconf 78' lang='lat' dir='ltr'><strong>artifex,</strong></span> <span class='ocrx_word' id='word_1_721' title='bbox 2310 4978 2552 5049; x_wconf 90' lang='lat' dir='ltr'><strong>Spiritus</strong></span> <span class='ocrx_word' id='word_1_722' title='bbox 2596 4987 2842 5042; x_wconf 88' lang='lat' dir='ltr'><strong>sanctus,</strong></span> <span class='ocrx_word' id='word_1_723' title='bbox 2877 4979 3015 5032; x_wconf 91' lang='lat' dir='ltr'><strong>duas</strong></span> <span class='ocrx_word' id='word_1_724' title='bbox 3052 4976 3267 5028; x_wconf 89' lang='lat' dir='ltr'><strong>animas</strong></span> <span class='ocrx_word' id='word_1_725' title='bbox 3313 4983 3627 5028; x_wconf 86' lang='lat' dir='ltr'><strong>sanctarum</strong></span> 
     </span>
    </p>
   </div>
   <div class='ocr_carea' id='block_1_100' title="bbox 350 5061 1926 5143">
    <p class='ocr_par' dir='ltr' id='par_1_100' title="bbox 350 5066 1926 5143">
     <span class='ocr_line' id='line_1_100' title="bbox 350 5066 1926 5143; baseline -0.006 -14"><span class='ocrx_word' id='word_1_726' title='bbox 350 5075 523 5142; x_wconf 86' lang='grc' dir='ltr'>ἁγίων</span> <span class='ocrx_word' id='word_1_727' title='bbox 551 5072 828 5143; x_wconf 83' lang='grc' dir='ltr'>γυναικῶν</span> <span class='ocrx_word' id='word_1_728' title='bbox 848 5089 864 5103; x_wconf 78' lang='grc' dir='ltr'><strong><em>ο</em></strong></span> <span class='ocrx_word' id='word_1_729' title='bbox 897 5072 931 5143; x_wconf 82' lang='grc' dir='ltr'>ἡ</span> <span class='ocrx_word' id='word_1_730' title='bbox 960 5070 1061 5142; x_wconf 79' lang='grc' dir='ltr'>μὲν</span> <span class='ocrx_word' id='word_1_731' title='bbox 1089 5071 1198 5142; x_wconf 83' lang='grc' dir='ltr'><strong>γάρ</strong></span> <span class='ocrx_word' id='word_1_732' title='bbox 1234 5069 1519 5123; x_wconf 77' lang='grc' dir='ltr'>Ἐλισάὸετ</span> <span class='ocrx_word' id='word_1_733' title='bbox 1554 5066 1926 5139; x_wconf 70' lang='grc' dir='ltr'>ἐμακάριζενε</span> 
     </span>
    </p>
   </div>
   <div class='ocr_carea' id='block_1_101' title="bbox 2025 5061 3630 5143">
    <p class='ocr_par' dir='ltr' id='par_1_101' title="bbox 2046 5061 3630 5141">
     <span class='ocr_line' id='line_1_101' title="bbox 2046 5061 3630 5141; baseline -0.01 -14"><span class='ocrx_word' id='word_1_734' title='bbox 2046 5073 2364 5136; x_wconf 89' lang='lat' dir='ltr'><strong>mulierum,</strong></span> <span class='ocrx_word' id='word_1_735' title='bbox 2392 5086 2490 5124; x_wconf 89' lang='lat' dir='ltr'><strong>ceu</strong></span> <span class='ocrx_word' id='word_1_736' title='bbox 2520 5070 2655 5123; x_wconf 82' lang='lat' dir='ltr'><strong>duas</strong></span> <span class='ocrx_word' id='word_1_737' title='bbox 2680 5069 2829 5141; x_wconf 82' lang='lat' dir='ltr'><strong>lyras</strong></span> <span class='ocrx_word' id='word_1_738' title='bbox 2863 5068 3108 5138; x_wconf 90' lang='lat' dir='ltr'><strong>pulsaret</strong></span> <span class='ocrx_word' id='word_1_739' title='bbox 3139 5081 3154 5130; x_wconf 90' lang='lat'><strong>;</strong></span> <span class='ocrx_word' id='word_1_740' title='bbox 3188 5064 3470 5119; x_wconf 81' lang='lat' dir='ltr'><strong>Elisabctlt</strong></span> <span class='ocrx_word' id='word_1_741' title='bbox 3506 5061 3630 5129; x_wconf 83' lang='lat' dir='ltr'><strong>qni-</strong></span> 
     </span>
    </p>
   </div>
   <div class='ocr_carea' id='block_1_102' title="bbox 347 5152 1926 5238">
    <p class='ocr_par' dir='ltr' id='par_1_102' title="bbox 347 5159 1926 5238">
     <span class='ocr_line' id='line_1_102' title="bbox 347 5159 1926 5238; baseline -0.005 -19"><span class='ocrx_word' id='word_1_742' title='bbox 347 5170 384 5237; x_wconf 80' lang='grc' dir='ltr'><strong>ή</strong></span> <span class='ocrx_word' id='word_1_743' title='bbox 419 5166 477 5219; x_wconf 75' lang='grc' dir='ltr'><strong>δὲ</strong></span> <span class='ocrx_word' id='word_1_744' title='bbox 502 5166 691 5238; x_wconf 83' lang='grc' dir='ltr'>Μαρία</span> <span class='ocrx_word' id='word_1_745' title='bbox 716 5166 770 5219; x_wconf 89' lang='grc' dir='ltr'><strong>τί</strong></span> <span class='ocrx_word' id='word_1_746' title='bbox 794 5180 991 5237; x_wconf 71' lang='grc' dir='ltr'>φησινῖ,</span> <span class='ocrx_word' id='word_1_747' title='bbox 1029 5163 1368 5234; x_wconf 61' lang='grc' dir='ltr'>Μεγαλύνει</span> <span class='ocrx_word' id='word_1_748' title='bbox 1410 5161 1448 5230; x_wconf 78' lang='grc' dir='ltr'>ἡ</span> <span class='ocrx_word' id='word_1_749' title='bbox 1477 5159 1650 5230; x_wconf 69' lang='grc' dir='ltr'>ψυχή</span> <span class='ocrx_word' id='word_1_750' title='bbox 1678 5176 1798 5230; x_wconf 81' lang='grc' dir='ltr'><strong>μου</strong></span> <span class='ocrx_word' id='word_1_751' title='bbox 1831 5160 1926 5211; x_wconf 67' lang='grc' dir='ltr'>τὸν</span> 
     </span>
    </p>
   </div>
   <div class='ocr_carea' id='block_1_103' title="bbox 2025 5152 3632 5238">
    <p class='ocr_par' dir='ltr' id='par_1_103' title="bbox 2049 5152 3632 5228">
     <span class='ocr_line' id='line_1_103' title="bbox 2049 5152 3632 5228; baseline -0.01 -9"><span class='ocrx_word' id='word_1_752' title='bbox 2049 5163 2172 5219; x_wconf 89' lang='lat' dir='ltr'><strong>dem</strong></span> <span class='ocrx_word' id='word_1_753' title='bbox 2226 5165 2444 5217; x_wconf 86' lang='lat' dir='ltr'><strong>beatam</strong></span> <span class='ocrx_word' id='word_1_754' title='bbox 2499 5159 2771 5228; x_wconf 81' lang='lat' dir='ltr'><strong>(Mariam)</strong></span> <span class='ocrx_word' id='word_1_755' title='bbox 2838 5156 3215 5227; x_wconf 75' lang='lat' dir='ltr'><strong>prtedicabat;</strong></span> <span class='ocrx_word' id='word_1_756' title='bbox 3277 5152 3445 5206; x_wconf 77' lang='lat' dir='ltr'><strong>Maria</strong></span> <span class='ocrx_word' id='word_1_757' title='bbox 3499 5164 3632 5205; x_wconf 88' lang='lat' dir='ltr'><strong>vero</strong></span> 
     </span>
    </p>
   </div>
   <div class='ocr_carea' id='block_1_104' title="bbox 351 5243 1926 5327">
    <p class='ocr_par' dir='ltr' id='par_1_104' title="bbox 351 5260 595 5327">
     <span class='ocr_line' id='line_1_104' title="bbox 351 5260 595 5327; baseline -0.012 -13"><span class='ocrx_word' id='word_1_758' title='bbox 351 5260 595 5327; x_wconf 72' lang='grc' dir='ltr'>Κύριον.</span> 
     </span>
    </p>
   </div>
   <div class='ocr_carea' id='block_1_105' title="bbox 2025 5243 3557 5327">
    <p class='ocr_par' dir='ltr' id='par_1_105' title="bbox 2049 5243 3557 5324">
     <span class='ocr_line' id='line_1_105' title="bbox 2049 5243 3557 5324; baseline -0.009 -18"><span class='ocrx_word' id='word_1_759' title='bbox 2049 5255 2180 5324; x_wconf 90' lang='lat' dir='ltr'><strong>quid</strong></span> <span class='ocrx_word' id='word_1_760' title='bbox 2206 5249 2449 5305; x_wconf 80' lang='lat' dir='ltr'><strong>eﬂatur?</strong></span> <span class='ocrx_word' id='word_1_761' title='bbox 2488 5248 2801 5318; x_wconf 76' lang='lat' dir='ltr'><strong>Magni/ient</strong></span> <span class='ocrx_word' id='word_1_762' title='bbox 2832 5247 3013 5300; x_wconf 87' lang='lat' dir='ltr'><strong>anima</strong></span> <span class='ocrx_word' id='word_1_763' title='bbox 3042 5260 3157 5299; x_wconf 76' lang='lat' dir='ltr'><strong>mea</strong></span> <span class='ocrx_word' id='word_1_764' title='bbox 3194 5243 3477 5297; x_wconf 78' lang='lat' dir='ltr'><strong>Dominum</strong></span> <span class='ocrx_word' id='word_1_765' title='bbox 3505 5246 3557 5292; x_wconf 76' lang='grc'>1.</span> 
     </span>
    </p>
   </div>
   <div class='ocr_carea' id='block_1_106' title="bbox 428 5329 1926 5421">
    <p class='ocr_par' dir='ltr' id='par_1_106' title="bbox 428 5343 1926 5421">
     <span class='ocr_line' id='line_1_106' title="bbox 428 5343 1926 5421; baseline -0.003 -17"><span class='ocrx_word' id='word_1_766' title='bbox 428 5353 531 5406; x_wconf 87' lang='lat' dir='ltr'><strong>lH’.</strong></span> <span class='ocrx_word' id='word_1_767' title='bbox 570 5350 681 5403; x_wconf 75' lang='lat' dir='ltr'><strong>Kal.</strong></span> <span class='ocrx_word' id='word_1_768' title='bbox 716 5350 932 5421; x_wconf 80' lang='grc' dir='ltr'>πρῶτον</span> <span class='ocrx_word' id='word_1_769' title='bbox 981 5348 1260 5402; x_wconf 83' lang='grc' dir='ltr'>δείκνυσιν</span> <span class='ocrx_word' id='word_1_770' title='bbox 1297 5347 1381 5400; x_wconf 83' lang='grc' dir='ltr'>ὅτι</span> <span class='ocrx_word' id='word_1_771' title='bbox 1410 5343 1661 5407; x_wconf 77' lang='grc' dir='ltr'>πιστεύει</span> <span class='ocrx_word' id='word_1_772' title='bbox 1692 5346 1807 5408; x_wconf 77' lang='grc' dir='ltr'>τοῖς</span> <span class='ocrx_word' id='word_1_773' title='bbox 1842 5344 1926 5399; x_wconf 83' lang='grc' dir='ltr'>λα·</span> 
     </span>
    </p>
   </div>
   <div class='ocr_carea' id='block_1_107' title="bbox 2025 5329 3631 5421">
    <p class='ocr_par' dir='ltr' id='par_1_107' title="bbox 2127 5329 3631 5411">
     <span class='ocr_line' id='line_1_107' title="bbox 2127 5329 3631 5411; baseline -0.011 -14"><span class='ocrx_word' id='word_1_774' title='bbox 2127 5340 2318 5398; x_wconf 79' lang='lat' dir='ltr'><strong>XVIII.</strong></span> <span class='ocrx_word' id='word_1_775' title='bbox 2367 5342 2446 5396; x_wconf 85' lang='lat' dir='ltr'><strong>Ac</strong></span> <span class='ocrx_word' id='word_1_776' title='bbox 2481 5341 2661 5411; x_wconf 91' lang='lat' dir='ltr'><strong>primo</strong></span> <span class='ocrx_word' id='word_1_777' title='bbox 2697 5338 2915 5407; x_wconf 86' lang='lat' dir='ltr'><strong>quidem</strong></span> <span class='ocrx_word' id='word_1_778' title='bbox 2942 5337 3070 5391; x_wconf 86' lang='lat' dir='ltr'><strong>dum</strong></span> <span class='ocrx_word' id='word_1_779' title='bbox 3097 5336 3269 5390; x_wconf 89' lang='lat' dir='ltr'><strong>dicit:</strong></span> <span class='ocrx_word' id='word_1_780' title='bbox 3317 5329 3631 5401; x_wconf 73' lang='lat' dir='ltr'><strong>Magniﬁcnt</strong></span> 
     </span>
    </p>
   </div>
   <div class='ocr_carea' id='block_1_108' title="bbox 354 5424 1926 5514">
    <p class='ocr_par' dir='ltr' id='par_1_108' title="bbox 354 5436 1926 5514">
     <span class='ocr_line' id='line_1_108' title="bbox 354 5436 1926 5514; baseline -0.004 -19"><span class='ocrx_word' id='word_1_781' title='bbox 354 5445 601 5513; x_wconf 78' lang='grc' dir='ltr'>ληθεῖσιν</span> <span class='ocrx_word' id='word_1_782' title='bbox 625 5444 764 5514; x_wconf 80' lang='grc' dir='ltr'><strong>αὑτῇ</strong></span> <span class='ocrx_word' id='word_1_783' title='bbox 795 5443 884 5497; x_wconf 85' lang='grc' dir='ltr'><strong>διὰ</strong></span> <span class='ocrx_word' id='word_1_784' title='bbox 907 5442 989 5506; x_wconf 77' lang='grc' dir='ltr'>τὸ,</span> <span class='ocrx_word' id='word_1_785' title='bbox 1025 5441 1305 5509; x_wconf 82' lang='grc' dir='ltr'>Μακαρία</span> <span class='ocrx_word' id='word_1_786' title='bbox 1333 5439 1371 5509; x_wconf 78' lang='grc' dir='ltr'><strong><em>ἡ</em></strong></span> <span class='ocrx_word' id='word_1_787' title='bbox 1411 5439 1823 5505; x_wconf 80' lang='grc' dir='ltr'>πιστεύσασα,</span> <span class='ocrx_word' id='word_1_788' title='bbox 1853 5436 1926 5491; x_wconf 51' lang='grc' dir='ltr'>ὅτι</span> 
     </span>
    </p>
   </div>
   <div class='ocr_carea' id='block_1_109' title="bbox 2025 5424 3636 5514">
    <p class='ocr_par' dir='ltr' id='par_1_109' title="bbox 2052 5424 3636 5499">
     <span class='ocr_line' id='line_1_109' title="bbox 2052 5424 3636 5499; baseline -0.009 -8"><span class='ocrx_word' id='word_1_789' title='bbox 2052 5438 2237 5491; x_wconf 80' lang='lat' dir='ltr'><strong>anima</strong></span> <span class='ocrx_word' id='word_1_790' title='bbox 2265 5450 2383 5490; x_wconf 81' lang='lat' dir='ltr'><strong>mea</strong></span> <span class='ocrx_word' id='word_1_791' title='bbox 2420 5433 2727 5499; x_wconf 79' lang='lat' dir='ltr'><strong>Dominum,</strong></span> <span class='ocrx_word' id='word_1_792' title='bbox 2782 5430 3018 5488; x_wconf 87' lang='lat' dir='ltr'><strong>ostendit</strong></span> <span class='ocrx_word' id='word_1_793' title='bbox 3040 5443 3100 5484; x_wconf 81' lang='lat' dir='ltr'><strong>se</strong></span> <span class='ocrx_word' id='word_1_794' title='bbox 3138 5429 3297 5484; x_wconf 82' lang='lat' dir='ltr'><strong>(idem</strong></span> <span class='ocrx_word' id='word_1_795' title='bbox 3332 5424 3398 5482; x_wconf 83' lang='lat' dir='ltr'><strong>iis</strong></span> <span class='ocrx_word' id='word_1_796' title='bbox 3430 5424 3636 5480; x_wconf 78' lang='lat' dir='ltr'><strong>habere</strong></span> 
     </span>
    </p>
   </div>
   <div class='ocr_carea' id='block_1_110' title="bbox 420 5548 1978 5621">
    <p class='ocr_par' dir='ltr' id='par_1_110' title="bbox 420 5548 1978 5621">
     <span class='ocr_line' id='line_1_110' title="bbox 420 5548 1978 5621; baseline -0.006 -10"><span class='ocrx_word' id='word_1_797' title='bbox 420 5565 445 5593; x_wconf 75' lang='grc' dir='ltr'><strong>ο</strong></span> <span class='ocrx_word' id='word_1_798' title='bbox 479 5555 608 5611; x_wconf 85' lang='lat' dir='ltr'><strong>Luc.</strong></span> <span class='ocrx_word' id='word_1_799' title='bbox 642 5570 683 5621; x_wconf 89' lang='lat' dir='ltr'><strong>I,</strong></span> <span class='ocrx_word' id='word_1_800' title='bbox 713 5554 803 5608; x_wconf 70' lang='grc'>45.</span> <span class='ocrx_word' id='word_1_801' title='bbox 870 5562 895 5591; x_wconf 75' lang='grc' dir='ltr'><strong>ν</strong></span> <span class='ocrx_word' id='word_1_802' title='bbox 927 5552 1058 5609; x_wconf 84' lang='lat' dir='ltr'><strong>ibid.</strong></span> <span class='ocrx_word' id='word_1_803' title='bbox 1130 5551 1220 5605; x_wconf 72' lang='lat'><strong>45.</strong></span> <span class='ocrx_word' id='word_1_804' title='bbox 1284 5564 1310 5593; x_wconf 73' lang='grc' dir='ltr'><strong>ι</strong></span> <span class='ocrx_word' id='word_1_805' title='bbox 1346 5550 1477 5607; x_wconf 85' lang='lat' dir='ltr'><strong>ibid.</strong></span> <span class='ocrx_word' id='word_1_806' title='bbox 1508 5549 1599 5607; x_wconf 77' lang='lat'><strong>35.</strong></span> <span class='ocrx_word' id='word_1_807' title='bbox 1678 5558 1708 5598; x_wconf 67' lang='grc' dir='ltr'><strong><em>Υ</em></strong></span> <span class='ocrx_word' id='word_1_808' title='bbox 1730 5548 1862 5603; x_wconf 84' lang='lat' dir='ltr'><strong>ibitl.</strong></span> <span class='ocrx_word' id='word_1_809' title='bbox 1887 5548 1978 5603; x_wconf 73' lang='grc'>47.</span> 
     </span>
    </p>
   </div>
   <div class='ocr_carea' id='block_1_111' title="bbox 1649 5664 2327 5725">
    <p class='ocr_par' dir='ltr' id='par_1_111' title="bbox 1649 5664 2327 5725">
     <span class='ocr_line' id='line_1_111' title="bbox 1649 5664 2327 5725; baseline 0.001 -2"><span class='ocrx_word' id='word_1_810' title='bbox 1649 5667 1882 5724; x_wconf 66' lang='grc' dir='ltr'><strong>ΥΑῐυίΕ</strong></span> <span class='ocrx_word' id='word_1_811' title='bbox 1920 5664 2215 5725; x_wconf 73' lang='lat' dir='ltr'><strong>LECTION</strong></span> <span class='ocrx_word' id='word_1_812' title='bbox 2225 5664 2327 5724; x_wconf 83' lang='lat' dir='ltr'><strong>ES.</strong></span> 
     </span>
    </p>
   </div>
   <div class='ocr_carea' id='block_1_112' title="bbox 436 5762 1360 5835">
    <p class='ocr_par' dir='ltr' id='par_1_112' title="bbox 436 5762 1360 5835">
     <span class='ocr_line' id='line_1_112' title="bbox 436 5762 1360 5835; baseline -0.003 -15"><span class='ocrx_word' id='word_1_813' title='bbox 436 5763 477 5798; x_wconf 82' lang='grc' dir='ltr'>ι’</span> <span class='ocrx_word' id='word_1_814' title='bbox 508 5762 643 5821; x_wconf 78' lang='lat' dir='ltr'><strong>Cod.</strong></span> <span class='ocrx_word' id='word_1_815' title='bbox 672 5763 785 5817; x_wconf 84' lang='grc' dir='ltr'>ἀλλ’</span> <span class='ocrx_word' id='word_1_816' title='bbox 822 5765 877 5834; x_wconf 78' lang='grc' dir='ltr'>ἡ.</span> <span class='ocrx_word' id='word_1_817' title='bbox 956 5763 1157 5820; x_wconf 74' lang='lat' dir='ltr'><strong>&quot;Cod.</strong></span> <span class='ocrx_word' id='word_1_818' title='bbox 1199 5764 1360 5835; x_wconf 75' lang='grc' dir='ltr'>αὐτῇ.</span> 
     </span>
    </p>
   </div>
  </div>
