4086 6464
460 389 589 454 1787

1442 393 1854 453 ΑΝΤΙΡΛΤΒΙ
1898 390 2364 452 BOSTRENSIS
2406 388 2743 448 EPISCOPI

3605 383 3738 441 ὶῖῖξὸ

456 523 577 574 qua:
607 507 754 560 dicta
787 506 888 562 sibi
922 505 1138 562 fuerant
1173 522 1269 578 per
1299 506 1469 560 illud:
1530 506 1697 560 Beata
1729 523 1844 575 quin
1869 506 2037 560 credi-

2151 505 2310 560 ἔσται
2343 504 2653 567 τελείωσις
2694 501 2817 567 τοῖς
2847 498 3206 566 λαληθεῖσιν
3243 495 3398 564 αὐτῇ
3438 496 3596 562 παρὰ
3626 499 3742 548 Κυ-

458 599 608 662 disti,
661 601 910 668 quoniam
959 599 1302 668 perﬁcientur
1341 613 1458 666 qua:
1514 599 1654 650 dicta
1695 607 1817 650 sunt
1866 596 1960 650 tibi
2007 614 2039 650 α

463 689 688 742 Domino
717 699 761 743 ι.
803 689 1009 745 Deinde
1059 706 1164 744 non
1219 691 1432 744 beatam
1485 689 1728 742 vicissim
1783 689 2042 758 praedicat

462 778 758 841 Elisaheth,
795 795 862 833 ne
896 779 1168 848 exaequari
1207 795 1270 833 ea
1315 781 1651 841 viderentur,
1687 793 1806 846 quae
1843 777 2039 832 mirum

460 880 726 940 quantum
764 871 994 926 invicem
1026 871 1298 928 ditierant.
1356 872 1528 938 Quam
1564 871 1709 925 enim
1760 884 2043 938 compara-

463 962 664 1016 tionem
699 977 889 1018 servus
913 963 981 1017 ad
1019 963 1324 1024 dominum,
1355 979 1451 1018 seu
1494 976 1728 1031 persona
1761 961 1947 1014 militis
1974 959 2044 1014 ad

463 1053 666 1120 regiam
694 1053 1033 1121 maiestatem
1072 1054 1238 1109 habet
1266 1055 1288 1108 ‘i
1317 1053 1583 1120 Quocirca
1616 1053 1789 1107 beata:
1822 1053 2042 1120 quidem

465 1143 578 1208 ipsa
610 1144 1051 1212 prasdicationem
1095 1145 1279 1210 habet,
1342 1146 1440 1198 sed
1493 1144 1668 1198 laudis
1701 1143 1928 1214 gloriam
1989 1143 2043 1197 in

467 1233 754 1287 Dominum
817 1235 1006 1301 refert,
1067 1236 1293 1291 dicens:
1357 1234 1674 1305 Magnificat
1717 1235 1895 1287 anima
1929 1250 2045 1288 mea

463 1323 773 1378 Dominum.
812 1325 1262 1396 Quandoquidem
1287 1327 1431 1382 enim
1464 1336 1662 1395 przeter
1692 1339 2043 1380 communem

466 1426 677 1470 natura:
725 1417 971 1471 ordinem
1015 1419 1066 1470 in
1103 1429 1281 1484 utero,
1310 1419 1463 1487 virgo
1507 1416 1796 1482 exsistens,
1845 1432 2044 1485 corpo-

465 1505 654 1562 raliter
683 1518 1030 1576 conceperat,
1061 1509 1442 1578 corporaliter,
1481 1509 1727 1578 inquam,
1761 1509 1960 1578 quippe
1990 1508 2045 1562 in

463 1613 708 1667 corpore,
745 1600 840 1654 sed
897 1601 1281 1669 spiritualitcr,
1343 1600 1467 1668 quia
1521 1602 1641 1654 sine
1677 1599 1780 1652 viri
1806 1613 2048 1654 commu-

463 1690 665 1756 nione;
700 1699 942 1744 attamen
976 1691 1232 1759 quoniam
1271 1691 1321 1743 in
1348 1706 1574 1760 corpore
1606 1691 1874 1758 completa
1926 1689 2044 1743 fue—

425 1785 428 1788 ’
466 1789 554 1834 rat
592 1781 915 1834 admiranda
943 1781 1032 1834 illa
1065 1781 1423 1850 dispensatio,
1463 1783 1578 1848 ipsa
1615 1783 1750 1835 dicit
1782 1799 1795 1834 :
1837 1780 2048 1851 Magni-

2140 598 2301 666 ρίου,
2333 596 2650 664 φάσκουσαο
2683 593 3024 663 Μεγαλύνει
3066 593 3102 658 ἡ
3135 589 3306 660 ψυχή
3342 605 3462 658 μου
3500 587 3607 639 τὸν
3631 586 3744 639 Κύ-

2141 705 2297 756 ριον.
2329 687 2560 741 Ἔπειτα
2597 687 2699 740 οὐκ
2742 684 3053 740 ἀντιδίδωσι
3087 680 3468 752 μακαρισμὸν,
3521 678 3611 731 ἵνα
3663 676 3743 748 μὴ

2147 776 2242 834 ἶσα
2295 781 2521 849 γένηται
2567 780 2635 833 τὰ
2666 778 2996 849 πράγματα,
3053 775 3306 828 πλεῖστον
3355 772 3478 824 ὅσον
3525 769 3736 838 διεστη-

2151 871 2285 926 κότα
2314 873 2378 926 ’³.
2405 871 2574 925 Ποίαν
2603 870 2712 940 γὰρ
2758 869 2871 939 ἔχει
2922 867 3212 938 σύγκρισιν
3254 863 3440 926 δοῦλος
3473 861 3610 930 πρὸς
3645 860 3742 912 τὸν

2150 964 2438 1034 δεσπότην,
2469 964 2501 1032 ἢ
2538 959 2932 1034 στρατιωτικὸν
2964 959 3260 1032 πρόσωπον
3305 955 3441 1027 πρὸς
3473 951 3744 1023 βασιλέως

2151 1052 2370 1121 ἀξίωμα
2396 1071 2410 1119 ;
2438 1051 2604 1108 Ὅθεν
2653 1050 3022 1122 μακαρίζεται
3057 1049 3177 1120 μὲν,
3211 1045 3530 1113 ἀναπέμπει
3561 1042 3617 1095 δὲ
3659 1042 3745 1102 εἱς

2151 1146 2240 1198 τὸν
2275 1146 2480 1216 Κύριον
2518 1145 2619 1214 τὴν
2654 1143 2984 1211 δοξολογίαν,
3027 1141 3343 1209 φάσκουσα·
3400 1135 3746 1204 Μεγαλύνει

2152 1237 2191 1304 ἡ
2235 1235 2406 1305 ψυχή
2438 1254 2558 1305 μου
2603 1233 2709 1289 τὸν
2753 1237 2996 1302 Κύριον.
3042 1230 3266 1300 Ἐπειδὴ
3311 1227 3418 1300 γὰρ
3469 1224 3744 1297 παρθένος

2152 1327 2288 1381 οὖσα
2317 1329 2374 1379 ὲν
2417 1327 2616 1398 γαστρὶ
2650 1323 2982 1396 σωματικῶς
3027 1323 3182 1393 παρὰ
3212 1321 3312 1392 τὴν
3357 1317 3545 1389 κοινὴν
3611 1335 3743 1370 συν-

2153 1418 2461 1489 ελάμϐανεν
2494 1417 2678 1486 φύσιν,
2716 1413 3051 1487 σωματικῶς
3073 1413 3280 1483 μέντοι,
3307 1413 3382 1474 ὡς
3412 1410 3471 1461 ἐν
3501 1407 3739 1478 σώματι,

2154 1507 2541 1580 πνευματικῶς
2557 1506 2635 1570 δὲ,
2650 1506 2731 1559 ὅτι
2747 1504 2876 1558 ἄνευ
2891 1501 3181 1564 κοινωνίας
3197 1516 3212 1530 ·
3233 1500 3384 1568 ὅμως
3404 1497 3459 1549 δὲ
3485 1493 3674 1564 ἐπειδὴ
3696 1494 3742 1523 ’⁸

2157 1603 2216 1654 ἐν
2275 1600 2487 1670 σώματι
2525 1598 2740 1667 ἐγένετο
2781 1597 2844 1650 τὸ
2895 1592 3222 1666 παραδόξως
3263 1588 3740 1660 οἰκονομούμενον,

2154 1692 2350 1763 φησίν·
2395 1689 2735 1759 Μεγαλύνει
2782 1687 2820 1754 ἠ
2861 1685 3032 1756 ψυχή
3059 1701 3180 1754 μου
3212 1682 3320 1735 τὸν
3348 1681 3588 1748 Κύριον.
3623 1677 3742 1731 Κᾶν

2155 1782 2263 1852 γὰρ
2293 1783 2349 1834 ὲν
2377 1779 2453 1851 τῷ
2490 1779 2609 1850 ἐμῷ
2655 1778 2869 1848 σώματι
2922 1775 3214 1847 Θαυμαστὰ
3270 1770 3743 1840 ἐπαγγειλάμενος

463 1872 590 1938 ﬁent
613 1873 791 1926 anima
819 1889 932 1925 mea
957 1872 1260 1928 Dominum.
1300 1873 1410 1927 Etsi
1436 1877 1601 1940 enim,
1636 1875 1830 1942 inquit,
1865 1875 2046 1944 utique

2151 1872 2284 1935 Θεὸς
2329 1872 2624 1942 ἐνεργήσῃ,
2659 1868 2799 1923 ἀλλά
2851 1867 2915 1936 γὲ
2962 1884 3089 1937 μου,
3124 1863 3312 1936 φησὶν,
3363 1864 3396 1932 ἡ
3434 1861 3603 1931 ψυχὴ,
3641 1860 3746 1912 οὑκ

464 1962 517 2014 in
550 1964 855 2017 substantia
886 1963 988 2017 hac
1015 1978 1133 2018 mea
1166 1979 1427 2034 corporea
1473 1965 1613 2020 Deus
1637 1980 1693 2020 se
1729 1965 2044 2020 admiranda

463 2051 783 2108 ctchturum
812 2055 1228 2123 signiﬁcaverit,
1253 2071 1315 2111 ac
1348 2071 1510 2126 porro
1533 2055 1794 2121 olfecerit,
1825 2065 2046 2112 atcerte

476 2158 658 2196 coram
695 2141 921 2196 Domino
940 2159 1114 2214 nequc
1133 2145 1312 2198 anima
1348 2160 1464 2200 mea
1493 2155 1574 2199 est
1598 2144 1802 2200 fructus
1825 2160 2043 2213 expers.

464 2232 530 2286 Et
563 2247 692 2286 sane
731 2235 1025 2288 maximum
1061 2237 1281 2306 quidem
1336 2237 1596 2302 fructum,
1622 2246 1780 2306 prout
1811 2237 1924 2306 ipsa
1970 2237 2047 2291 in-

463 2325 710 2394 quiehas,
747 2327 1108 2393 oElisaheth,
1167 2343 1365 2398 corpus
1431 2330 1734 2398 prazbebit;
1793 2340 1847 2384 tu
1901 2330 2044 2385 enim

466 2418 594 2472 mihi
625 2419 846 2473 dixisti:
880 2418 1203 2475 Benedictus
1234 2423 1438 2492 [ructus
1456 2423 1650 2476 ventris
1676 2424 1796 2489 tui;
1833 2438 2046 2477 verum-

466 2518 644 2563 tamen
677 2508 946 2576 ejusmodi
977 2510 1190 2567 t‘ructus
1220 2515 1435 2568 censeri
1465 2514 1608 2568 haud
1641 2527 1820 2584 potest
1856 2515 1908 2569 in
1944 2531 2044 2570 vo-

465 2600 691 2656 luntatis
721 2616 856 2656 mea!
882 2609 1031 2657 recte
1062 2601 1247 2668 factis,
1271 2606 1364 2658 sed
1389 2619 1525 2674 opus
1547 2615 1632 2660 est
1656 2605 1751 2661 Dei
1783 2621 1902 2675 qua:
1919 2615 2047 2660 sunt

465 2710 630 2765 supra
703 2704 951 2750 naturain
1007 2696 1060 2751 in
1112 2711 1196 2751 me
1233 2697 1560 2754 mirabiliter
1605 2698 1907 2754 elﬁcientis.
1942 2698 2047 2753 Par

463 2795 550 2841 est
594 2797 774 2842 autem
810 2796 867 2842 ut
923 2788 1085 2842 etiam
1123 2788 1423 2843 voluntatis
1467 2789 1700 2845 fructum
1730 2791 2041 2860 proferam;

463 2878 599 2931 adeo
637 2887 693 2932 ut
730 2893 834 2933 non
865 2879 1030 2937 modo
1063 2893 1265 2949 Corpus
1300 2895 1481 2934 meum
1513 2879 1828 2945 fructilicet,
1860 2882 1956 2936 sed
1991 2889 2046 2936 et

464 2969 646 3023 anima
677 2985 796 3025 mea
835 2969 942 3026 Deo
969 2972 1020 3025 in
1053 2987 1140 3025 me
1166 2973 1437 3028 mirabilia
1493 2973 1742 3042 operanti
1805 2971 2042 3028 fructum

466 3061 653 3117 liberte
683 3061 978 3117 voluntatis
1035 3062 1276 3131 oderat;
1322 3064 1441 3118 ideo
1469 3063 1681 3133 inquit:
1736 3062 2044 3134 Magni/ictu

462 3154 644 3207 anima
680 3170 794 3208 mea
835 3152 1117 3207 Dominum
1147 3170 1166 3218 ;
1209 3154 1419 3209 scilicet
1450 3170 1553 3210 non
1604 3156 1767 3208 modo
1817 3168 2040 3223 corpus,

2154 1964 2300 2018 ἐστιν
2329 1964 2579 2034 ἄκαρπος
2623 1962 2759 2032 πρὸς
2796 1961 2886 2014 τὸν
2916 1959 3142 2031 Κύριον.
3172 1957 3246 2009 Τὸ
3284 1955 3383 2026 μὲν
3427 1955 3535 2024 γὰρ
3582 1952 3743 2022 σῶμα

2153 2056 2366 2127 καρπὸν
2419 2057 2693 2126 μέγιστονμ-
2721 2055 2863 2108 κατὰ
2895 2051 2984 2106 τὸν
3033 2051 3146 2115 σὺν,
3197 2048 3386 2119 φησὶν,
3433 2044 3741 2109 Ἐλισὰὅετ,

2153 2149 2310 2218 λόγον
2355 2147 2675 2218 προσοίσει·
2714 2147 2776 2199 σὺ
2817 2145 2926 2215 γάρ
2962 2161 3054 2215 μοι
3105 2143 3289 2210 ἔλεγες
3317 2158 3330 2170 ·
3365 2138 3670 2205 Μακάριος
3709 2140 3743 2190 ὁ

2153 2241 2386 2308 καρπὸς
2420 2239 2530 2308 τῆς
2578 2237 2812 2303 κοιλίας
2837 2254 2954 2290 σου
2985 2251 2999 2266 ·
3031 2235 3145 2289 ἀλλ’
3175 2236 3324 2304 ὅμως
3370 2224 3524 2292 οὗτος
3554 2233 3581 2283 ὁ
3608 2246 3744 2298 καρ-

2154 2333 2255 2395 πὸς
2275 2334 2335 2384 οὐ
2365 2331 2463 2401 τῆς
2487 2330 2629 2399 ἐμῆς
2661 2328 3033 2400 προαιρέσεως
3064 2323 3419 2396 κατόρθωμα,
3443 2321 3582 2376 ἀλλὰ
3604 2320 3740 2374 Θεοῦ

2151 2423 2248 2478 τοῦ
2293 2421 2840 2492 θαιιματουργοῦντος
2869 2419 2926 2472 ἑν
2967 2419 3090 2488 ἐμοὶ
3117 2418 3186 2470 τὰ
3229 2414 3371 2485 ὑπὲρ
3407 2413 3588 2482 φύσιν.
3619 2411 3742 2482 Χρὴ

2152 2516 2210 2570 δέ
2264 2533 2332 2586 με
2377 2515 2474 2569 καὶ
2507 2512 2882 2586 προαιρέσεως
2930 2509 3147 2580 καρπὸν
3193 2507 3612 2579 προσενεγκεῖν·
3651 2504 3741 2556 ἴνα

2155 2605 2233 2677 μὴ
2263 2605 2424 2677 μόνον
2455 2604 2516 2658 τὸ
2564 2603 2728 2676 σῶμά
2775 2621 2878 2673 μου
2928 2601 3351 2674 καρποφορήσῃ,
3400 2596 3538 2651 ἀλλὰ
3580 2595 3675 2647 καὶ
3703 2597 3738 2663 ἡ

2150 2699 2297 2770 ψυχή
2329 2714 2430 2769 μου
2452 2697 2544 2750 τὸν
2562 2695 2944 2766 προαιρετικὸν
2966 2693 3179 2766 καρπὸν
3194 2692 3271 2764 τῷ
3297 2695 3353 2744 ὲν
3377 2691 3499 2760 ἐμοὶ
3521 2689 3621 2743 θαυ
3631 2707 3740 2758 μα-

2153 2790 2475 2862 τουργοῦντι
2498 2787 2618 2858 Θεῷ
2637 2786 2965 2857 προσαγάγῃ
2987 2804 3001 2818 ·
3024 2786 3119 2839 καί
3144 2801 3276 2854 φησι
3302 2801 3316 2815 ’
3341 2783 3675 2853 Μεγαλύνει
3701 2781 3738 2849 ii

2152 2881 2324 2951 ψυχή
2351 2897 2474 2950 μου
2502 2881 2609 2934 τὸν
2629 2879 2874 2949 Κύριον·
2901 2880 2962 2932 οὐ
2998 2880 3156 2948 μόνον
3187 2877 3247 2930 τὸ
3271 2876 3452 2946 σῶμα,
3485 2874 3623 2928 ἀλλὰ
3644 2873 3741 2926 καὶ

2154 2973 2186 3042 ἡ
2221 2971 2366 3043 ψυχή
2404 2988 2526 3040 μου.
2560 2972 2726 3023 Ὅσον
2775 2970 2883 3040 γὰρ
2917 2968 3302 3039 ὑπηρετοῦμαι
3340 2967 3562 3037 μεγάλῳ
3603 2964 3741 3018 θαύ-

2156 3080 2286 3133 ματι
2307 3065 2402 3116 καὶ
2431 3061 2841 3133 κατορθώματι,
2867 3061 3119 3114 τοσοῦτον
3142 3060 3341 3128 ὀφείλω
3367 3058 3558 3132 πρώτῃ
3588 3057 3742 3124 δοξάο

2153 3153 2267 3220 ζειν
2300 3155 2393 3209 τὸν
2425 3157 2482 3207 ὲν
2513 3155 2638 3224 ἐμοὶ
2666 3155 2946 3226 παράδοξα
2978 3153 3330 3224 ἐνεργοῦντα.

462 3243 556 3296 sed
594 3243 759 3296 etiam
791 3244 972 3296 anima
998 3257 1138 3318 mea.
1175 3243 1450 3309 Quantum
1500 3241 1644 3296 enim
1713 3241 1996 3296 deservire
2063 3251 2117 3296 et
2156 3243 2359 3313 ingenti
2416 3244 2682 3298 miraculo
2729 3253 2785 3300 et
2842 3253 2991 3299 recte
3038 3244 3202 3299 lactis
3257 3243 3390 3298 mihi
3445 3244 3739 3312 contingit,

465 3337 801 3390 tantumdem
855 3335 1164 3405 gloril‘lcare
1215 3349 1362 3401 eum,
1420 3337 1511 3405 qui
1566 3344 1830 3406 operatur
1863 3335 1918 3390 in
1950 3349 2035 3390 me
2077 3345 2349 3406 portenta,
2382 3347 2508 3391 ante
2544 3337 2729 3391 ontnia
2758 3339 2951 3393 debeo.

533 3425 678 3482 XIX.
711 3423 782 3478 Et
830 3425 1114 3480 exsultavit
1149 3426 1368 3492 spiritus
1399 3442 1543 3480 meus
1586 3427 1640 3479 in
1681 3425 1788 3481 Deo
1820 3427 2046 3481 salutari

2224 3428 2319 3483 16⁸.
2350 3429 2462 3484 Καὶ
2495 3430 2836 3500 ἠγαλλίασε
2869 3427 2936 3481 τὸ
2963 3427 3202 3497 πνεῦμά
3227 3445 3348 3497 μου
3383 3426 3480 3481 ἐπὶ
3504 3424 3581 3491 τῷ
3617 3426 3742 3493 Θεῷ

463 3530 675 3584 meai;
733 3531 886 3572 meus
938 3516 1084 3571 enim
1127 3515 1382 3571 Salvator
1439 3517 1581 3573 Deus
1641 3527 1745 3573 est.
1811 3516 2046 3587 Spiritus

464 3627 633 3676 mens,
659 3609 858 3679 duplici
908 3608 1116 3665 scilicet
1147 3611 1366 3665 nomine
1393 3611 1642 3680 designat
1679 3625 1832 3666 suam
1878 3611 2048 3679 ipsius

464 3703 722 3755 animam.
767 3699 1094 3767 Exsultavit,
1157 3701 1350 3771 inquit,
1401 3703 1617 3768 spiritus
1675 3715 1866 3767 meus;
1913 3717 2048 3771 quo-

465 3794 611 3846 niam
649 3802 758 3846 tam
787 3791 984 3864 amplis
1018 3793 1176 3848 donis
1209 3793 1372 3861 digna
1405 3793 1628 3848 habeor.
1659 3792 1727 3847 In
1757 3793 1866 3847 Dea
1901 3793 2050 3847 salu-

466 3886 573 3938 tari
599 3900 734 3949 meo,
768 3885 872 3940 hoc
903 3893 1006 3951 est,
1040 3883 1187 3942 Deus
1214 3886 1414 3940 mundo
1469 3883 1807 3941 Salvatorem
1855 3898 1923 3940 ex
1963 3899 2050 3942 me

466 3978 715 4046 largitur.

537 4063 682 4130 Quia
727 4065 952 4134 respexit
1007 4065 1362 4120 humilitatem
1413 4065 1624 4119 ancillre
1654 4067 1852 4121 amb.
1904 4065 2045 4132 Quid
2097 4123 2102 4126 _

465 4155 611 4212 enim
638 4171 758 4212 sum
791 4171 914 4226 ego,
941 4157 986 4211 si
1009 4172 1132 4212 cum
1181 4165 1329 4212 tanto
1381 4172 1546 4227 opere
1585 4156 1888 4214 conteror?
1927 4154 2046 4226 lpse

470 4252 755 4321 respexit;
789 4267 889 4324 ego
936 4267 1004 4307 ne
1041 4252 1316 4322 suspicata
1354 4252 1572 4322 quidem
1614 4251 1668 4306 id
1723 4266 1882 4314 sum;
1926 4263 2052 4302 nam

466 4344 678 4414 abiecta
709 4359 810 4414 ego
843 4359 993 4399 eram
1031 4355 1084 4400 et
1113 4353 1446 4415 contempta,
1479 4357 1579 4398 nec
1607 4341 1753 4396 aliud
1776 4339 2052 4409 quidpiam

465 4435 713 4504 cogitare
743 4443 986 4504 poteram
1017 4442 1381 4504 praeterquam
1413 4433 1595 4487 virum
1641 4431 1966 4496 advenisse;
2000 4438 2055 4486 at

467 4540 566 4594 pro
619 4527 739 4582 viro
801 4526 1114 4596 supervenit
1167 4527 1405 4597 Spiritus
1461 4533 1720 4578 sanctus:
1764 4537 1796 4576 e
1828 4530 1969 4577 terra
2001 4523 2052 4578 in

2158 3517 2238 3585 τῷ
2275 3519 2504 3589 Σωτῆρι
2533 3538 2654 3589 μου
2681 3537 2694 3552 ·
2727 3521 2920 3590 Σωτήρ
2960 3537 3062 3589 μου
3091 3519 3202 3592 γάρ
3237 3522 3388 3572 ἐστιν
3415 3521 3444 3571 ό
3478 3517 3633 3580 Θεός.
3668 3517 3741 3570 Τὸ

2154 3611 2302 3681 ἐμὸν
2328 3612 2604 3681 πνεῦμα·
2651 3611 2842 3676 διττῶς
2877 3611 3220 3682 ὀνομάζουσα
3250 3611 3350 3682 τὴν
3399 3609 3602 3678 ὲαυτῆς
3635 3608 3740 3677 ψυ-

2157 3703 2278 3775 χήνι
2333 3703 2752 3771 maxime”.
2783 3704 2938 3772 φησὶ,
2976 3702 3039 3756 τὸ
3065 3703 3302 3772 πνεῦμά
3326 3717 3476 3772 μουο
3513 3701 3739 3768 ἐπειδή-

2157 3812 2264 3866 περ
2285 3794 2546 3849 τοιούτων
2574 3795 2835 3862 καταξιοῦ
2846 3813 2964 3866 μαι.
2990 3795 3116 3849 Ἐπὶ
3145 3795 3223 3860 τῷ
3253 3794 3374 3860 Θεῷ
3401 3785 3480 3860 τῷ
3510 3794 3740 3862 Σωτῆρι

2148 3901 2290 3955 μου,
2321 3886 2350 3938 ὅ
2375 3888 2544 3952 ἐστιν,
2572 3889 2600 3940 ό
2632 3885 2767 3951 Θεὸς
2799 3887 3026 3958 Σωτῆρα
3061 3886 3120 3954 ἐξ
3152 3886 3289 3958 ἐμοῦ
3320 3887 3398 3958 τῷ
3424 3889 3616 3956 κόσμῳ
3641 3903 3738 3955 χα-

2152 3975 2456 4047 ριζόμενος.

2225 4065 2356 4119 ’Ότι
2399 4064 2740 4136 ἐπέϐλεψεν
2777 4067 2879 4120 ἐπὶ
2912 4065 3028 4135 τὴν
3059 4065 3425 4120 ταπείνωσιν
3462 4066 3572 4135 τῆς
3599 4066 3736 4120 δού-

2149 4157 2267 4223 λης
2291 4156 2481 4212 αὑτοῦ
2520 4158 2586 4213 ’⁸.
2629 4159 2725 4222 Τίς
2753 4159 2862 4230 γάρ
2895 4160 3012 4229 εἰμι
3044 4157 3155 4226 ἐγὼ
3189 4158 3326 4230 πρὸς
3353 4159 3609 4212 τοσοῦτον
3638 4157 3740 4230 ἕρ-

2151 4264 2280 4317 γον;
2314 4247 2488 4312 Αὐτὸς
2526 4246 2862 4318 ὲπὲϐλεψενυ
2897 4248 2998 4301 οὐκ
3038 4247 3150 4317 ἐγὼ
3180 4247 3559 4320 προσεδόκησα
3581 4264 3596 4280 ο
3639 4266 3739 4301 τα.-

2152 4339 2312 4412 πεινὴ
2337 4340 2445 4411 γὰρ
2468 4341 2640 4411 ἥμην,
2666 4339 3060 4412 ἀπερῥιμμὲνη
3089 4341 3155 4407 ²¹,
3181 4340 3334 4394 οὐδὲν
3361 4340 3549 4410 ἓτερον
3576 4340 3740 4393 snex-

2126 4431 2437 4502 δεχομένη,
2479 4433 2512 4501 ἢ
2555 4431 2749 4502 ἀνδρὸς
2791 4431 3132 4503 παρουσίαν·
3163 4431 3288 4486 ἀντὶ
3340 4431 3534 4502 ἀνδρὸς
3563 4432 3738 4500 ἀπέρ-

2149 4540 2305 4592 χεται
2332 4522 2552 4593 Πνεῦμα
2572 4523 2726 4591 ἆγιον
2745 4539 2760 4554 ⁸
2789 4523 2898 4576 ἀπὺ
2918 4524 3023 4593 γῆς
3039 4524 3122 4587 είς
3145 4523 3377 4594 οὐρανὸν
3403 4523 3737 4593 μεταϐαίνει),

465 4616 664 4672 εωιιιιιι
698 4626 937 4682 transeo,
967 4625 1022 4673 et
1057 4617 1123 4672 ad
1164 4614 1590 4672 ministrandum
1648 4612 1904 4668 inell'abili
1937 4613 2046 4670 dis-

2152 4615 2248 4667 καὶ
2271 4615 2354 4677 εἰς
2378 4613 2619 4685 ἄρρητον
2645 4614 2959 4684 οἰκονομίαν
2991 4615 3223 4684 ἕλκομαι
3243 4632 3256 4645 ·
3288 4615 3378 4668 διὰ
3403 4616 3584 4680 τοῦτο,
3633 4615 3737 4668 ἐπε

468 4706 772 4775 pensationi
807 4706 1066 4762 asciscor.
1106 4704 1422 4775 Propterea,
1453 4703 1676 4772 respexit
1699 4701 2046 4760 humilitatem

2153 4705 2417 4774 ἐσλεψεν
2469 4705 2572 4760 ἐπὶ
2629 4705 2748 4775 τὴν
2782 4707 3150 4761 ταπείνωσιν
3186 4705 3298 4775 τῆς
3344 4705 3576 4775 δούλης
3627 4710 3738 4762 αὑ»

467 4796 677 4850 αιιεὶίίιε
702 4811 832 4850 suae.

2152 4797 2260 4853 τοῦ
2285 4796 2353 4852 ’³.

540 4885 660 4943 XX.
694 4885 831 4941 Ecce
862 4885 1002 4941 enim
1025 4901 1094 4940 ea:
1133 4884 1231 4938 hoc
1279 4885 1486 4938 beatam
1529 4899 1610 4938 me
1643 4885 1816 4941 dicent
1867 4900 2045 4953 omnes

2223 4887 2310 4942 ις’.
2355 4886 2511 4942 Ἰδοὺ
2545 4887 2654 4958 γὰρ
2684 4886 2804 4943 ἀπὸ
2837 4887 2946 4942 τοῦ
2984 4887 3103 4942 νῦν
3123 4887 3490 4958 μακαριοῦα
3516 4904 3595 4957 με
3621 4887 3737 4942 πᾶ·

468 4979 833 5048 generationes
859 4987 885 5016 ο
905 5016 926 5038 .
998 4977 1066 5032 Et
1092 4989 1152 5032 se
1183 4975 1298 5046 ipsa
1334 4976 1552 5032 beatam
1583 4977 1842 5047 praedicat
1869 4996 1884 5046 ;
1936 4992 2044 5033 non

2155 4996 2259 5038 σαι
2283 4980 2346 5032 al
2375 4979 2596 5048 γενεαί.
2616 4978 2726 5032 Καὶ
2757 4978 2958 5048 ἑαυτὴν
2992 4978 3319 5049 μακαρίζει·
3352 4977 3451 5030 οὐκ
3476 4978 3540 5029 ὲκ
3567 4975 3736 5045 γλώτ-

469 5069 624 5137 quasi
683 5085 751 5125 ex
799 5084 895 5123 ore
955 5068 1176 5139 proprio
1212 5071 1458 5140 loquens,
1509 5070 1603 5126 sed
1650 5071 1717 5124 ad
1770 5069 2042 5140 specimen

2151 5079 2248 5128 sn;
2273 5065 2530 5134 λαλοῦσα,
2570 5066 2708 5120 ἀλλὰ
2751 5067 2811 5121 τὸ
2847 5066 3030 5137 γεῦμα
3070 5067 3166 5121 τοῦ
3209 5067 3365 5136 ἁγίου
3393 5067 3732 5138 Πνεῦμα-τος,

472 5158 712 5227 Spiritus
757 5158 954 5222 sancti,
1007 5157 1099 5227 qui
1146 5159 1199 5213 in
1249 5173 1372 5214 eam
1432 5167 1844 5230 supervenerat,
1874 5159 2035 5215 verba

2151 5158 2244 5210 τοῦ
2296 5157 2619 5222 ἐπελθόντος
2663 5159 2828 5230 αὐτῇ,
2891 5159 3246 5232 παρεχομένη
3283 5161 3351 5225 ’⁵,
3383 5159 3479 5213 καὶ
3523 5176 3736 5228 προφη-

473 5247 607 5303 tacit
640 5262 706 5303 ac
755 5247 1107 5316 vaticinatur,
1165 5249 1450 5319 inquiens:
1501 5249 1637 5306 Ecce
1663 5251 1797 5306 enim
1838 5266 1904 5305 ea:
1945 5258 2037 5312 me

2151 5246 2384 5301 τεὺουσά
2414 5264 2600 5319 φησιν·
2634 5249 2792 5303 Ἰδοὺ
2823 5249 2933 5328 γὰρ
2957 5252 3077 5322 ἀπὸ
3104 5251 3210 5305 τοῦ
3229 5250 3346 5305 νῦν
3365 5250 3738 5319 μακαριοῦσι

474 5340 679 5394 beatam
713 5353 795 5393 me
815 5339 988 5394 dicent
1011 5357 1188 5396 omnes
1245 5342 1628 5412 generationes,
1672 5344 1866 5397 nedum
1902 5354 2032 5410 pro-

2151 5353 2228 5408 με
2255 5335 2444 5397 πᾶσαι
2505 5342 2566 5410 ai
2592 5339 2815 5414 retreat,
2849 5345 2908 5412 οὐ
2946 5343 3011 5397 σὺ
3045 5341 3110 5414 δὴ
3145 5342 3302 5414 μόνη.
3337 5341 3474 5396 Ποία
3501 5341 3610 5413 γὰρ
3639 5357 3738 5410 γε-

540 5435 564 5466 ι
588 5426 723 5482 Luc.
753 5443 794 5496 ι,
819 5427 912 5485 45.
986 5441 1014 5472 ι
1039 5431 1168 5488 ibid.
1201 5430 1282 5488 Π.
1355 5431 1384 5472 1³
1413 5431 1544 5488 ibid.
1577 5430 1670 5488 48.
1733 5441 1758 5471 °
1787 5429 1920 5485 ibid.

1752 5519 1988 5576 VARIJE
2031 5515 2436 5573 LECTlONES.

546 5611 587 5684 ‘_°
623 5608 756 5684 Cod.
787 5611 1134 5684 διεστικῶτα.
1212 5615 1258 5647 ὀ
1290 5612 1402 5669 Vox
1445 5613 1634 5684 ἐπειδή
1688 5614 1742 5667 in
1775 5613 2029 5684 tnargine
2079 5612 2268 5684 eadem
2322 5626 2480 5684 manu
2518 5612 2752 5678 ascripta
2783 5613 2915 5666 huic
2943 5614 3061 5670 loco
3123 5617 3410 5672 inserenda
3460 5617 3570 5670 visa
3621 5629 3731 5672 est.

473 5681 512 5760 ξι
548 5679 681 5764 Cod:
715 5681 904 5736 αὑτοῦ.
1001 5684 1210 5764 ’χροιὴ
1246 5685 1600 5764 ἀπερριμῄνη
1623 5679 1646 5715 ⁷·
1691 5696 1743 5764 et
1774 5679 2085 5762 Tromtnius
2125 5682 2342 5764 quidem
2377 5681 2542 5762 (adv.
2586 5684 2937 5764 ἀπορρίπτω)
2987 5700 3174 5764 vocem
3206 5689 3534 5764 (initiatum,
3572 5690 3731 5764 quasi

472 5750 526 5802 in
566 5747 930 5824 psaliuoxxx,
959 5770 1011 5809 ν.
1049 5755 1120 5807 ‘25
1150 5747 1617 5824 legatur','itidica't
1647 5771 1663 5818 ;
1698 5763 1748 5807 at
1781 5767 1957 5821 neque
1986 5752 2038 5806 in
2080 5747 2240 5806 editis
2269 5747 2442 5824 neque
2486 5752 2540 5806 in
2576 5747 2929 5809 variantibus
2959 5757 3206 5813 codicum
3239 5747 3368 5818 loss:
3405 5747 3730 5814 lectionibus

474 5825 723 5880 invenire
749 5823 798 5878 id
828 5826 956 5878 tuibi
994 5825 1161 5881 licuit.
1202 5819 1284 5855 ὐ
1319 5826 1452 5881 Cod.
1490 5825 1672 5879 αὑτοῦ.
1755 5824 1799 5856 ³³
1832 5819 1966 5880 God.
2001 5819 2408 5894 παρερχομένη.
