4086 6422
344 368 478 430 1789

1090 369 1420 428 HOMILIA
1460 370 1540 429 ΙΝ
1575 369 1677 428 SS.
1709 369 2061 429 DEiPARiE
2094 371 2810 432 ANNUNTIATIONEM.

3480 369 3613 431 1790

339 484 434 538 νεά
461 483 520 550 ἐξ
537 479 744 534 ἐκείνου
760 480 858 552 τὴν
881 481 1119 554 Μαριάμ
1137 482 1199 535 οὐ
1225 480 1526 553 μακαρίζει
1554 483 1622 546 ’³,
1647 481 1744 551 τὴν
1767 482 1925 534 ἀπει-

2036 484 2174 538 l'ecto
2210 493 2262 537 tu
2295 483 2430 538 sola.
2490 483 2555 537 Et
2597 497 2731 537 sane
2761 494 3014 551 quaenam
3070 491 3272 536 extunc
3324 487 3614 550 gener:qu

347 573 582 649 ρὸγαμον
614 569 736 624 κατ’
761 570 951 642 ἄνδρα,
982 571 1242 642 Θεοςςόρον
1270 571 1326 624 δὲ
1358 571 1498 624 κατά
1532 571 1787 640 πνεῦμα;
1817 570 1927 624 Καὶ

345 663 640 734 προέλαϐεν
671 663 772 733 μὲν
803 665 832 717 ὀ
875 662 1032 731 λόγος
1060 664 1159 733 τῆς
1211 662 1552 735 προφητείας
1576 680 1590 695 ο
1628 662 1926 734 ἡλήθευσεν

338 754 393 810 δὲ
421 756 452 826 ή
486 754 711 818 ἔκϐασις
745 755 880 826 πρὸς
907 756 999 808 τὸν
1033 755 1214 824 λόγον.

407 935 540 990 KA'.
606 935 728 989 Ὀτι
769 935 1022 1004 ἐποίησέ
1054 954 1158 1006 μοι
1212 937 1503 1008 μεγαλεῖα
1563 941 1596 992 ὁ
1640 937 1922 1005 δυνατός.

344 1028 464 1093 Πῶς
487 1028 598 1100 γάρ
619 1028 679 1080 οὐ
724 1028 1015 1098 μεγαλεῖα;
1040 1030 1164 1083 ’Ότι
1205 1030 1472 1100 παρθένος
1519 1026 1654 1084 οῦσα
1686 1029 1925 1100 συλλαμ-

348 1121 508 1185 5άνω,
537 1121 822 1192 ὑπερϐάσα
856 1122 1156 1193 βουλήματι
1183 1122 1316 1175 Θεοῦ
1344 1122 1442 1191 τὴν
1470 1121 1652 1191 φύσιν,
1677 1122 1768 1174 καὶ
1797 1137 1927 1173 κατ-

347 1211 644 1282 αξιουμένη
697 1215 826 1266 ἄνευ
879 1213 1071 1284 ἀνδρὸς
1129 1215 1225 1283 οὐχ
1285 1214 1472 1276 ἁπλῶς
1525 1207 1665 1268 εἶναι
1717 1214 1923 1284 μήτηρ,

345 1303 478 1358 ἀλλά
509 1303 726 1358 καὶτοῦ
765 1306 932 1374 μόνου
969 1304 1220 1377 Σωτῆρος
1247 1299 1387 1357 εἶναι
1421 1305 1629 1376 μήτηρ.

414 1487 599 1556 Λέγει,
632 1489 665 1541 ὀ
693 1486 985 1553 δυνατός·
1022 1486 1320 1558 ἐπειδήπερ
1357 1487 1712 1558 ἀπιστήσειεν
1743 1487 1808 1542 ἄν
1841 1503 1926 1552 τις

346 1578 476 1651 πρὸς
511 1580 605 1652 τὴν
645 1579 932 1650 ἐνέργειαν
967 1581 1065 1650 τῆς
1097 1579 1434 1651 συλλήψεως.
1473 1580 1536 1632 El
1567 1579 1676 1650 γὰρ
1715 1579 1925 1648 παρθέ-

345 1685 429 1731 νος
465 1664 599 1721 οὖσα
632 1668 894 1740 συλλάϐῃ,
939 1671 1126 1739 φησὶν,
1165 1669 1418 1738 ἐποίησέ
1442 1687 1545 1740 μοι
1580 1670 1861 1740 μεγαλεῖα
1893 1672 1926 1724 ὁ

346 1759 599 1825 δυνατός
619 1775 632 1788 ⁸
663 1759 740 1829 τῷ
761 1761 984 1831 ὀνόματι
1009 1761 1106 1814 τοῦ
1128 1762 1352 1814 δυνατοῦ
1381 1763 1479 1833 τὴν
1501 1763 1756 1816 ἀπιστίαν
1775 1763 1924 1834 παρά

343 1851 501 1920 φύσιν
523 1851 889 1917 ἐκϐάλλουσα,
913 1853 1000 1907 ἵνα
1020 1871 1102 1917 τις
1120 1856 1183 1924 τῇ
1212 1855 1439 1925 δυνάμει
1455 1853 1546 1908 τοῦ
1575 1853 1924 1924 ἐνεργοῦντος

333 1943 638 2016 ἀναπέμψῃ
661 1943 720 1996 τὸ
734 1945 1064 2016 κατόρθωμα
1081 1962 1094 1974 ο
1117 1947 1210 2000 καὶ
1225 1946 1283 1999 τὸ
1306 1946 1538 2018 μὴκατὰ
1557 1947 1718 2016 φύσιν
1735 1947 1924 2013 ἐξετά-

339 2023 448 2088 ζων
474 2031 682 2102 ἐκπέσῃ
711 2032 810 2102 τῆς
858 2032 1092 2106 ἀληθοῦς
1140 2035 1598 2103 συγκαταθέσεως
1643 2037 1752 2090 τῶν
1793 2037 1925 2108 ἀλη-

342 2119 448 2185 θῶς
485 2123 892 2194 γεγενημένων.

409 2396 519 2450 Καὶ
548 2397 750 2467 ἐπάγει
769 2415 783 2428 ·
814 2400 925 2454 Kal
957 2399 1130 2470 ἅγιον
1161 2400 1229 2456 τὸ
1253 2400 1442 2472 ὄνομα
1471 2404 1680 2460 αὐτοῦ.
1713 2405 1788 2460 Οὐ
1816 2405 1924 2478 γὰρ

339 2487 461 2542 ἐπεὶ
504 2487 726 2559 ἔρχεται
760 2490 788 2542 ὁ
839 2491 1137 2561 μονογενὴς
1180 2492 1346 2545 αὑτοῦ
1390 2495 1470 2556 είς
1522 2497 1777 2564 γυναῖκα,
1822 2497 1922 2568 ἤδη

341 2577 492 2646 παρὰ
535 2579 694 2632 τοῦτο
732 2581 1030 2650 μιαίνεται.
1063 2583 1256 2652 Ἀγιον
1287 2585 1397 2655 γὰρ
1437 2585 1496 2638 τὸ
1525 2585 1698 2658 ὄνομα
1731 2587 1922 2654 αὐτοῦ,

343 2670 524 2741 ἐπειδὴ
553 2671 708 2742 κάγὼ
765 2673 1039 2746 Παρθένος
1071 2677 1224 2744 ἁγία.
1269 2678 1435 2731 Οὐδὲν
1486 2682 1926 2751 παραχραίνεται

339 2761 464 2815 οὗτε
493 2765 520 2816 ὁ
553 2764 1067 2837 συλλαμϐανόμενος
1103 2768 1293 2842 Σωτὴρ
1332 2772 1388 2822 ὲν
1413 2771 1538 2841 ἐμοὶ
1569 2775 1632 2842 τῇ
1669 2773 1924 2845 παρθένῳ

339 2855 591 2910 πλάττων
618 2856 665 2888 ³⁸
684 2858 746 2911 τὸ
775 2858 904 2912 ἴδιον
931 2859 1110 2930 σῶμα.
1140 2861 1331 2929 ’Ἄγιος
1359 2864 1466 2932 γάρ
1496 2865 1666 2932 ἀγίως
1690 2870 1846 2936 φορεῖ
1863 2866 1924 2919 τὸ

338 2947 468 3002 ῐδιον
505 2947 750 3018 πλάσμα.
783 2949 884 3002 Διά
923 2950 1082 3004 τοῦτο
1121 2953 1215 3004 καὶ
1256 2953 1482 3025 Πνεῦμα
1505 2955 1659 3024 ἆγιον
1699 2958 1926 3028 ἐπέρχε-

339 3055 458 3092 ται·
506 3039 592 3093 ἵνα
644 3042 774 3110 ἁγία
823 3042 1092 3116 γενομένη
1131 3045 1164 3117 ἡ
1221 3045 1486 3118 σύλληψις
1539 3049 1698 3118 ἆγιον
1740 3067 1924 3122 παρα-

2031 592 2136 629 non
2183 577 2396 631 beatam
2437 573 2678 645 appellat
2708 573 3294 642 Mariam,nuptiarum
3351 575 3613 639 nesciam,

2029 667 2170 738 quod
2199 668 2262 720 ad
2295 667 2468 720 virum
2535 674 2767 735 spectat,
2803 666 2899 720 sed
2941 665 3050 720 Deo
3114 665 3279 720 fetam
3333 681 3396 720 ex
3426 677 3614 721 sancto

2030 757 2286 827 Spiritu?
2347 756 2635 814 Praecessit
2699 758 2911 813 scilicet
2963 772 3143 813 sermo
3211 757 3608 827 prapheticus;

2027 854 2206 907 exitus
2231 865 2361 905 vero
2393 865 2702 905 sermonem
2736 864 2980 905 veracem
3014 849 3409 919 comprobavit.

2101 941 2242 999 XXI.
2281 942 2420 1008 Quia
2444 943 2567 1011 fecit
2586 942 2715 995 mihi
2740 957 2935 1012 magna
2957 943 3044 1012 qui
3069 952 3246 1008 potens
3268 951 3341 996 est
3369 942 3396 982 δ
3421 979 3434 994 .
3460 942 3608 1007 Quo-

2029 1032 2190 1088 modo
2226 1033 2371 1087 enim
2443 1047 2548 1086 non
2617 1030 2790 1100 (fecit)
2851 1030 3094 1100 magna?
3161 1031 3609 1100 Quandoquidem

2029 1125 2311 1179 voluntate
2341 1123 2436 1178 Dei
2493 1123 2742 1178 ordinem
2773 1131 2982 1176 natura:
3011 1124 3420 1203 transcendens,
3458 1124 3611 1192 virgo

2027 1212 2298 1266 exsistens
2331 1210 2519 1266 foetum
2565 1225 2715 1281 gero,
2757 1220 2811 1264 et
2859 1212 3017 1281 digna
3076 1211 3282 1266 habeor
3325 1227 3448 1282 quae.
3491 1212 3611 1267 sine

2028 1307 2146 1360 viro
2172 1320 2279 1358 non
2323 1305 2494 1358 solum
2532 1303 2633 1358 sim
2662 1312 2853 1369 mater,
2886 1304 2982 1359 sed
3027 1303 3250 1373 insuper
3287 1314 3461 1359 mater
3490 1304 3610 1374 ejus

2027 1399 2150 1461 sim,
2187 1396 2274 1465 qui
2311 1393 2457 1449 solus
2495 1403 2581 1449 est
2614 1393 2884 1450 Salvator.

2101 1489 2261 1552 Dicit,
2280 1489 2370 1558 qui
2385 1497 2569 1557 potens
2593 1495 2707 1552 est;
2729 1485 3166 1556 quandoquidem
3188 1485 3345 1540 ﬁdem
3369 1487 3612 1542 abnuere

2028 1581 2096 1636 de
2127 1595 2255 1636 vera
2289 1592 2584 1651 conceptus
2617 1579 2823 1633 ratione
2879 1580 3003 1648 quis
3035 1577 3263 1647 posset?
3292 1577 3360 1632 Et
3416 1580 3612 1634 merito

1997 1689 2181 1739 'sane,
2217 1675 2263 1729 si
2299 1673 2552 1743 concepit
2583 1673 2734 1742 virgo
2779 1685 3160 1741 perseverans,
3211 1672 3363 1740 fecit,
3411 1671 3609 1740 inquit,

2029 1767 2157 1820 mihi
2192 1783 2386 1836 niagna
2416 1766 2506 1834 qui
2533 1777 2716 1834 potem
2737 1772 2835 1828 est,
2866 1763 3103 1834 potentis
3159 1778 3353 1832 nempe
3393 1763 3613 1818 nomine

2032 1855 2470 1912 incredulitatem
2509 1869 2827 1920 removens,
2874 1870 2996 1924 qua:
3028 1869 3095 1910 ex
3145 1870 3206 1909 re
3243 1855 3488 1910 ordinem
3517 1872 3613 1909 na-

2030 1959 2166 2003 tura:
2205 1947 2687 2019 praetergrediente
2709 1949 2908 2012 oritur,
2944 1948 3080 2003 adeo
3116 1959 3175 2001 ut
3202 1947 3268 2002 ad
3310 1949 3613 2017 potentiam

2029 2040 2170 2111 (Dei)
2195 2038 2479 2093 eilicientis
2512 2036 2720 2092 referre
2744 2038 2868 2108 quis
2893 2053 3031 2108 opus
3063 2037 3260 2093 debeat
3287 2055 3302 2104 ;
3356 2037 3449 2107 qui
3485 2052 3614 2092 vero

2027 2131 2300 2186 subtiliter
2330 2130 2666 2199 perscrutari
2696 2130 2748 2184 id
2782 2130 2934 2194 velit,
2961 2130 3109 2199 quod
3151 2144 3256 2182 non
3285 2139 3370 2184 est
3418 2144 3612 2184 secun-

2026 2223 2154 2278 dum
2182 2233 2391 2275 naturai
2428 2220 2596 2291 leges,
2642 2235 2676 2275 a
2715 2221 2898 2276 veraci
2938 2235 3126 2276 eorum
3163 2236 3285 2292 quae
3319 2235 3446 2276 vere
3470 2221 3613 2277 facta

2027 2322 2176 2378 sunt,
2204 2311 2308 2366 lide
2335 2312 2568 2366 excidat.

2097 2404 2263 2458 Addit
2316 2417 2502 2472 porro,
2533 2409 2583 2456 et
2615 2410 2858 2456 sanctum
2896 2417 3083 2456 nomen
3123 2400 3259 2470 ejus.
3314 2399 3429 2454 Non
3463 2401 3612 2456 enim

2028 2495 2172 2567 quod
2217 2494 2530 2564 unigenitus
2572 2493 2694 2562 ejus
2738 2493 2807 2547 ad
2839 2493 3119 2548 mulierem
3155 2492 3456 2558 diverterit,
3489 2508 3615 2559 pro-

2028 2598 2215 2658 pterea
2242 2585 2356 2654 jam
2384 2585 2664 2656 polluitur.
2687 2583 2946 2640 Sanctum
2977 2585 3124 2639 enim
3146 2595 3229 2638 est
3249 2599 3444 2638 nomen
3473 2585 3612 2655 ejus,

2027 2680 2282 2752 quoniam
2314 2688 2372 2733 et
2398 2693 2500 2747 ego
2549 2676 2713 2747 Virgo
2745 2685 2932 2732 sancta
2958 2679 3096 2746 (l4).
3138 2675 3286 2732 Nihil
3347 2679 3616 2732 contami-

2029 2782 2192 2826 natur
2227 2784 2405 2842 neque
2438 2769 2567 2824 dum
2598 2768 2908 2839 concipitur
2932 2767 3207 2832 Salvator,
3243 2782 3400 2821 suum
3436 2767 3488 2820 in
3526 2781 3615 2820 me

2027 2864 2236 2934 virgine
2271 2877 2471 2932 corpus
2491 2861 2784 2931 plasmatis.
2843 2861 3076 2914 Sanctus
3127 2860 3272 2914 enim
3321 2867 3509 2914 sancte
3533 2858 3615 2913 in-

2027 2957 2144 3010 duit
2201 2970 2338 3025 opus
2382 2955 2495 3022 ipse
2555 2967 2711 3007 suum
2738 2951 2886 3020 (l5).
2917 2950 3123 3006 Idcirco
3167 2951 3330 3004 etiam
3381 2950 3616 3016 Spiritus

2026 3057 2249 3102 sanctus
2278 3045 2613 3116 supervenit,
2657 3059 2763 3114 quo
2786 3051 2975 3098 sancta
3005 3042 3278 3097 cxsistens
3307 3041 3613 3111 conceptio,

338 3132 597 3186 σκευάσει
630 3134 724 3187 καὶ
762 3133 854 3188 τὸν
882 3136 1043 3190 τόκον
1087 3137 1367 3207 γενέσθαι.
1400 3141 1592 3210 Ἂγιον
1639 3141 1819 3199 τοίνυν
1864 3144 1924 3198 τὸ

2029 3151 2086 3195 ut
2110 3149 2300 3211 partus
2317 3152 2532 3210 quoque
2548 3144 2768 3191 sanctus
2785 3143 3069 3205 sequatur,
3098 3133 3320 3190 eﬂiciat.
3349 3133 3613 3189 Sanctum

337 3223 508 3293 δνομα
529 3224 712 3280 αὑτοῦ.

409 3316 538 3369 KB’.
569 3317 681 3371 Kal
710 3317 777 3372 τὸ
815 3321 988 3388 ἕλεος
1046 3321 1236 3378 αὑτοῦ
1288 3325 1377 3391 είς
1421 3326 1635 3396 γενεὰς
1684 3328 1923 3399 γενεῶν.

337 3408 512 3477 Κάγὼ
551 3410 938 3482 συλλαμϐάνω,
966 3416 1060 3467 καὶ⁵
1090 3415 1255 3479 αὐτὸς
1291 3417 1455 3487 σῶμα
1491 3423 1653 3490 φορεί
1677 3437 1692 3452 ο
1729 3424 1822 3476 καὶ
1847 3425 1928 3485 εἰς

337 3499 545 3572 κόσμον
569 3501 810 3574 ἔρχεται,
846 3505 942 3558 καὶ
976 3507 1114 3575 μετά
1147 3506 1455 3578 ἀνθρώπων
1493 3511 1926 3584 ἀναστρέφεται,

337 3595 435 3649 καὶ
484 3597 636 3650 κάτω
682 3596 1059 3663 πολιτεύεται,
1105 3600 1200 3651 καὶ
1254 3601 1434 3654 πάντα
1477 3604 1789 3674 οἰκονομείσ
1841 3607 1927 3660 ἵνα

339 3688 636 3760 ἐλεηθῶσιν
676 3691 728 3744 οἱ
776 3690 984 3757 ἀνάξιοι
1022 3692 1110 3746 διά
1138 3691 1198 3745 τὸ
1245 3692 1452 3763 πλῆἶος
1497 3694 1606 3748 τῶν
1638 3697 1928 3768 ἁμαρτιῶν

338 3784 721 3855 τυγχάνοντες.
758 3784 888 3851 Τοῖς
944 3785 1130 3856 μέντοι
1163 3785 1562 3856 φοϐουμένοις
1597 3791 1804 3848 αὐτόν.
1853 3792 1927 3845 Οὐ

335 3875 450 3948 γάρ
497 3878 546 3929 οἱ
582 3877 757 3948 πάντη
790 3877 999 3942 ἀνάξιοι
1034 3877 1342 3933 ὲλεοῦνται·
1377 3879 1513 3934 ἀλλὰ
1557 3881 1608 3932 οἱ
1646 3881 1736 3935 διὰ
1761 3899 1931 3952 μετα-

341 3967 490 4032 νοίις
526 3967 664 4040 πρὸς
704 3969 871 4038 φόϐον
907 3971 1400 4041 μετατρεπόμενοι.

415 4146 544 4224 Kl".
597 4149 923 4217 Ἐποίησεν
970 4145 1084 4205 οὖν
1127 4149 1347 4218 κράτος
1384 4151 1457 4206 ἐν
1499 4153 1784 4223 βραχίονι
1827 4158 1936 4213 αὐ-

342 4238 453 4294 τοῦ
485 4239 529 4271 ”
552 4255 566 4269 ο
601 4240 770 4294 αὑτοῦ
804 4241 912 4313 γὰρ
943 4243 976 4312 ή
1007 4242 1150 4312 χεὶρ,
1185 4243 1286 4296 οὐκ
1321 4243 1612 4314 ἀνθρώπου
1642 4247 1704 4300 τὸ
1749 4247 1932 4318 ἔργον.

339 4331 779 4398 Διεσκόρπισεν
800 4333 1247 4402 ὑπερηφάνους.
1277 4333 1340 4387 Ει
1362 4335 1470 4404 γάρ
1489 4335 1780 4410 ἀλαζονείᾳ
1797 4338 1936 4410 χρώ-

2029 3233 2195 3303 igitur
2220 3245 2418 3286 nomen
2440 3229 2556 3299 ejus
2589 3227 2700 3301 (l6)

2105 3323 2272 3380 XXII.
2309 3323 2376 3378 Et
2428 3321 2799 3378 misericordia
2842 3325 2956 3390 ejus
2989 3337 3020 3374 a
3047 3319 3294 3390 progenie
3332 3319 3388 3373 in
3425 3333 3614 3388 proge-

2031 3423 2142 3473 nies
2175 3430 2227 3476 ο.
2275 3418 2346 3472 Et
2389 3432 2490 3488 ego
2539 3413 2811 3484 concipio,
2839 3423 2897 3468 et
2943 3413 3058 3483 ipse
3105 3425 3303 3482 corpus
3347 3410 3617 3476 assumit;

2029 3523 2084 3565 et
2113 3509 2261 3563 venit
2287 3508 2342 3562 in
2385 3507 2673 3570 mundum,
2723 3515 2778 3560 et
2807 3521 2930 3559 cum
2977 3503 3292 3559 hominibus
3320 3516 3620 3557 conversa~

2033 3613 2142 3667 tur,
2175 3611 2230 3654 et
2255 3608 2576 3654 terrestrem
2606 3598 2770 3651 vitam
2799 3598 2932 3666 agit,
2959 3607 3015 3651 et
3036 3597 3218 3651 omnia
3271 3595 3514 3666 disponit
3561 3607 3622 3652 ut

2029 3693 2121 3764 qui
2158 3691 2362 3762 indigni
2395 3699 2552 3744 erant
2577 3696 2800 3758 propter
2818 3687 3216 3740 multitudinem
3244 3698 3619 3756 peccatorum,

2031 3781 2467 3841 misericordiam
2499 3786 2929 3847 consequantur.
3004 3775 3393 3832 Verumtamen
3434 3781 3621 3832 timeu-

2031 3879 2172 3931 tibus
2196 3891 2339 3930 eum.
2376 3872 2494 3927 Non
2525 3871 2670 3927 enim
2699 3870 2989 3940 participes
3009 3879 3136 3924 sunt
3176 3870 3618 3933 miserationum,

2034 3969 2124 4038 qni
2163 3967 2383 4037 penitus
2435 3965 2504 4020 iis
2536 3963 2790 4032 indignos
2830 3977 2888 4017 se
2917 3961 3216 4029 exhibent;
3265 3962 3360 4017 sed
3398 3963 3489 4032 qui
3526 3977 3622 4032 per

2037 4057 2414 4132 ptenitentiam
2449 4056 2516 4110 ad
2549 4056 2804 4110 timorem
2830 4051 3142 4110 ﬂectuntur.

2109 4146 2299 4204 XXIII.
2358 4145 2514 4200 Fecit
2556 4147 2722 4215 igitur
2758 4145 3046 4214 potentiam
3100 4145 3156 4198 in
3189 4143 3402 4199 brachio
3430 4161 3527 4200 suo
3549 4143 3577 4185 ἀ
3605 4162 3619 4211 ;

2039 4243 2183 4298 illius
2209 4239 2354 4296 enim
2381 4251 2596 4302 manus,
2627 4251 2732 4291 non
2760 4249 2897 4304 opus
2931 4246 3014 4290 est
3050 4235 3305 4290 hominis.
3360 4235 3620 4305 Dispersit

2042 4333 2314 4404 superbos.
2352 4329 2486 4384 Nam
2511 4328 2554 4384 si
2577 4327 2701 4397 quis
2729 4325 2980 4396 superbia
3015 4335 3250 4391 tumens,
3293 4327 3434 4381 haud
3469 4336 3622 4396 putat

346 4440 530 4495 μενος,
551 4425 653 4478 οὐκ
682 4423 853 4478 οἴεται
874 4425 1081 4478 δεῖσθαι
1103 4419 1582 4496 μετανοίας,οῦτος
1608 4428 1926 4500 διασκορπί-

2038 4448 2098 4490 se
2133 4427 2454 4501 ptenitentia
2481 4424 2752 4493 indigere,
2790 4420 2879 4476 hic
2913 4419 3265 4489 disperditur.
3301 4419 3622 4474 Subindicat

343 4516 519 4582 ζεται,
543 4519 890 4590 αἰνιττομένη
920 4519 966 4550 ³⁸
998 4519 1108 4572 τῶν
1141 4519 1412 4574 Ἰουδαίων
1439 4521 1530 4576 τὸν
1556 4523 1684 4577 λαὸν
1705 4525 1796 4578 τὸν
1816 4526 1933 4580 δια-

345 4611 884 4682 σκορπισθησόμενον
896 4613 964 4666 δι’
978 4613 1356 4684 ὑπερηφανίαν
1373 4615 1471 4687 τὴν
1483 4618 1624 4671 κατά
1640 4618 1731 4672 τοῦ
1748 4619 1932 4690 Σωτῆ-

344 4717 459 4773 ρος,
492 4703 930 4770 Διεσκόρπισεν
955 4702 1382 4772 ὑπερηφάνους
1413 4705 1648 4776 διανοίᾳ
1682 4709 1932 4778 καρδίας

422 4816 450 4858 δ
473 4815 609 4874 Luc.
638 4833 679 4884 t,
711 4817 800 4874 49.
880 4829 902 4857 ε
938 4819 1070 4874 ibid.
1097 4819 1186 4874 50.
1263 4819 1288 4859 ἀ
1325 4820 1454 4877 ibid.
1489 4823 1577 4880 51.

2037 4536 2219 4582 autem
2245 4522 2556 4578 Judzeorum
2583 4516 2862 4588 populum,
2893 4517 2984 4585 qui
3017 4524 3240 4585 prapter
3288 4515 3622 4586 superbiam,

2039 4633 2146 4688 qua
2183 4614 2460 4670 Salvatori
2496 4611 2721 4676 restitit,
2757 4608 3158 4680 disperdendns
3186 4618 3328 4663 erat.
3361 4608 3624 4676 Dispersit

2037 4711 2291 4783 superbos
2324 4719 2495 4764 mente
2522 4705 2696 4762 cordis
2725 4705 2831 4759 sui.
2915 4701 3305 4774 Unusquisque
3352 4703 3498 4757 enim
3536 4723 3632 4776 per

1641 4917 1880 4974 VARUE
1935 4917 2346 4976 LECTlONES.

417 5007 465 5086 ’ξ
493 5007 627 5062 Cod.
672 5005 1007 5086 nauapﬁCu,
1035 5013 1099 5086 et~
1116 5006 1420 5086 alianma-nu
1446 5010 1842 5086 supraiineam
1875 5015 2195 5086 μακαρίζει.
2274 5013 2318 5044 ³⁸
2347 5007 2483 5066 Cod.
2526 5007 2785 5073 πλάττον,
2823 5007 2915 5062 sed
2950 5010 3004 5064 in
3039 5007 3286 5072 margine
3319 5007 3423 5061 alia
3459 5022 3626 5062 manu

347 5076 623 5132 πλάττων.
676 5075 746 5108 V"
774 5075 908 5132 (ἰού.
937 5075 1122 5129 αὑτοῦ.
1159 5077 1205 5110 ³⁸
1239 5075 1460 5132 Scilicet
1484 5075 1691 5151 Μαρία.

1853 5175 2088 5233 NOTAE.

421 5268 535 5338 (14)
577 5267 774 5324 Sancta
813 5283 918 5322 non
953 5267 1196 5336 corporis
1222 5276 1451 5334 tantmn,
1481 5269 1573 5322 sed
1605 5271 1800 5326 animae
1852 5273 1934 5326 in-

349 5339 601 5408 tegritate
622 5354 725 5393 non
752 5339 910 5392 modo
931 5339 1332 5404 Conceptionis,
1365 5338 1413 5391 id
1439 5350 1518 5392 est
1542 5341 1735 5393 divina)
1757 5343 1933 5394 incar-

347 5410 588 5463 nationis
618 5420 914 5475 momento,
951 5409 1092 5478 quod
1117 5423 1219 5461 non
1252 5409 1385 5462 satis
1413 5420 1558 5464 esset
1591 5420 1647 5463 ut
1671 5409 1928 5466 Sanctum

349 5489 637 5533 vocaretur
669 5480 809 5546 quod
847 5494 926 5550 ex,
952 5494 1014 5533 ea
1047 5479 1374 5531 nasciturum
1416 5491 1571 5543 erat;
1603 5483 1694 5534 sed
1731 5497 1929 5550 semper

349 5559 404 5602 et
438 5561 550 5601 tom
582 5558 636 5602 et
665 5550 887 5617 perfecte
918 5549 1124 5616 integra
1152 5557 1202 5600 et
1234 5559 1446 5602 sancta.

421 5618 536 5688 (15)
593 5619 707 5672 Hoc.
755 5630 1075 5688 argumento
1125 5619 1324 5684 saepius
1377 5629 1600 5672 utuntur
1635 5618 1820 5675 Patres
1868 5631 1927 5674 ut

352 5686 674 5743 cx'muliere
703 5686 874 5742 matre
902 5689 992 5741 Dei
1017 5686 1248 5741 Verbum
1271 5704 1373 5741 non
1405 5689 1569 5743 fuisse
1596 5691 1937 5756 inquinatum

351 5767 613 5812 statuant.
641 5757 734 5812 llis
766 5759 902 5811 mire
929 5769 1228 5811 consonant
1259 5761 1419 5814 verba
1451 5761 1692 5814 auctoris
1722 5759 1942 5813 Tracta-

353 5838 438 5886 tus
467 5829 714 5887 adversus
749 5830 977 5902 quinque
1019 5827 1251 5884 [hereses
1277 5831 1352 5901 (in
1391 5831 1638 5901 Appcnd.
1675 5839 1806 5886 tom.
1833 5829 1943 5887 \'lll

2042 5271 2182 5342 Opp.
2216 5271 2275 5324 S.
2305 5265 2620 5342 Augustini,
2649 5277 2781 5342 cap.
2831 5259 2937 5342 V)_:
2969 5258 3096 5342 .Ego.
3127 5270 3375 5322 matrem,
3405 5261 3472 5342 {te
3511 5277 3626 5342 qua
3706 5254 3715 5301 i-

2041 5332 2303 5404 nris'cerer,
2327 5332 2460 5406 feci;
2495 5352 2588 5406 ego
2613 5332 2750 5388 viam
2773 5350 2887 5406 meo
2908 5332 3438 5406 itineriprwparnri,
3466 5341 3624 5398 atque

2037 5401 2712 5475 mundanirﬂauc'quam
2771 5403 3029 5469 despicis,
3089 5401 3402 5475 Manichaee,
3450 5414 3624 5475 "inter

2036 5499 2151 5536 mea
2186 5489 2288 5545 est,
2335 5479 2423 5532 sed
2470 5471 2632 5529 manu
2665 5475 2929 5538 fabricata
2973 5481 3057 5545 est
3095 5488 3232 5545 mea.
3368 5474 3512 5535 potui
3542 5471 3622 5525 in.

2035 5553 2254 5622 quinari
2277 5542 2399 5604 cum
2429 5563 2546 5603 eam
2579 5545 2830 5614 facerem,
2855 5543 3006 5614 potui
3043 5542 3310 5610 inquinari
3336 5559 3449 5594 cum
3475 5557 3540 5594 ex
3561 5557 3625 5596 ea.

2199 5637 2304 5675 rer.
2401 5637 2408 5640 ’

2199 5637 2224 5671 r
2290 5661 2304 5675 .
2401 5637 2408 5640 ’

2037 5636 2497 5760 παῖῖῖῦεὲίτείηἰε
2524 5688 2786 5742 sanctitas
2815 5683 3054 5760 'rcliquis
3088 5682 3486 5760 omnibusnou
3529 5697 3617 5760 rc-

2044 5752 2432 5828 spontl'erctfsi
2487 5776 2592 5814 non
2629 5771 2840 5828 semper
2873 5767 2927 5809 et
2953 5752 3018 5810 ab
3067 5754 3243 5810 omnis
3289 5753 3369 5810 vel
3413 5752 3620 5810 miniuu

2045 5827 2254 5904 peccati
2286 5830 2403 5886 labe
2430 5829 2685 5887 immunis
2720 5827 2929 5885 fuisset.
