4086 6412
488 367 615 427 1791

1472 372 1883 429 AN'l‘lPA'l'lil
1924 370 2388 431 BOSTRENSIS
2420 370 2759 433 EPISCOPI

3615 368 3754 431 17‘3"!

487 494 548 535 se
594 492 694 549 pro
740 479 937 535 mentis
975 494 1085 535 sum
1143 496 1304 537 sensu
1358 483 1651 552 semetipse
1704 484 1987 554 disperdit,
2019 492 2073 540 et

2193 487 2391 543 ιῠτῶν.
2429 487 2601 550 Αὐτὸς
2632 489 2740 557 γάρ
2771 503 2854 549 τις
2879 486 3052 556 ἐαυτῷ
3093 488 3347 547 ἕκαστος,
3386 484 3471 552 ἐφ’
3522 476 3604 545 οἷς
3633 481 3757 535 δια-

490 570 770 643 indignum
799 586 859 627 se
894 583 1133 642 praestat,
1160 588 1320 643 quem
1352 573 1511 630 Jesus
1539 583 1715 631 vocet.

556 753 751 809 XXIV.
788 755 1038 823 Deposuit
1076 765 1311 823 potentes
1347 756 1413 810 de
1435 757 1580 822 sede,
1603 768 1650 811 et
1672 758 1925 811 exultauit
1965 759 2067 813 Im-

488 849 639 902 mch
671 858 721 902 ο.
758 847 983 917 Magnos
1011 848 1157 902 enim
1184 850 1408 917 spiritus
1440 851 1699 917 gerebant
1728 849 1983 903 Pharisaei
2002 864 2067 906 ac

490 940 718 1003 Scriba,
747 951 799 994 et
819 942 1020 1008 primas
1046 940 1334 995 cathedras
1351 942 1664 995 ambiebant
1688 941 1708 979 ί
1743 958 1758 1008 ;
1784 956 1814 995 e
1843 942 2065 1008 quibus,

492 1042 777 1101 propterea
798 1033 941 1101 quod
970 1031 1097 1087 Jesn
1123 1032 1590 1096 contradixerunt,
1617 1033 1885 1087 deturbati
1917 1042 2066 1088 sunt.

564 1123 633 1177 Et
658 1124 911 1178 exultavit
939 1125 1161 1177 humiles
1197 1126 1499 1193 dispersos,
1546 1125 1805 1194 quoiiiam
1833 1126 2008 1194 ipsum
2040 1140 2070 1181 e

494 1216 632 1269 ccelo
659 1225 714 1270 et
740 1218 807 1268 ah
839 1216 947 1269 alto
980 1218 1189 1270 venisse
1212 1216 1583 1270 crediderunt.
1633 1215 1936 1271 Esurientes
1966 1219 2070 1271 im-

494 1309 647 1376 p!evit
686 1308 834 1360 bonis
860 1309 919 1361 ε.
959 1306 1288 1362 Universum
1345 1308 1491 1361 enim
1550 1307 1829 1363 hominum
1877 1323 2068 1378 genus,

494 1398 692 1453 Judzeis
726 1399 987 1466 exceptis,
1022 1397 1166 1453 [alite
1193 1397 1499 1454 laborabat.
1534 1397 1604 1452 Et
1652 1399 1839 1454 divites
1867 1401 2073 1453 dimisit

495 1489 729 1552 inanes;
779 1487 994 1542 Judceos
1042 1487 1319 1551 videlicet,
1366 1490 1457 1557 qui
1505 1499 1561 1544 et
1602 1500 1827 1558 accepta
1872 1490 1989 1560 lege
2022 1499 2076 1544 et

496 1591 810 1635 sanctorum
830 1581 1215 1649 prephetarum
1250 1580 1515 1635 doctrinis
1530 1581 1683 1634 ditati
1713 1579 1948 1634 fuerant.
1974 1579 2074 1646 Qui

497 1671 717 1739 quidem
743 1671 1026 1739 quoniam,
1054 1684 1155 1738 pro
1187 1683 1375 1723 eorum
1404 1670 1658 1740 superbia
1714 1671 1913 1725 acriter
1945 1685 2075 1725 con-

501 1760 805 1824 tendentes,
832 1774 1042 1828 suaque
1066 1759 1331 1829 dignitate
1364 1760 1518 1814 valde
1550 1761 1699 1825 elati,
1724 1763 1791 1815 ad
1824 1760 2076 1816 Salvato-

501 1865 615 1904 rem
659 1851 894 1905 humano
925 1851 1114 1905 habitu
1145 1851 1287 1905 inter
1316 1866 1409 1906 eos
1453 1860 1767 1907 versantem
1815 1852 2078 1907 accedere

502 1941 780 1995 humiliter
830 1941 1071 1995 animum
1122 1957 1228 1996 non
1293 1942 1648 2007 induxerunt,
1678 1944 1834 1997 vacui
1867 1943 2080 1998 dimissi

501 2041 648 2096 sunt,
685 2032 821 2087 nihil
851 2047 1038 2088 secum
1092 2033 1402 2099 aﬂ'erentes,
1449 2048 1624 2102 neque
1667 2034 1851 2101 ﬁdem,
1909 2050 2083 2104 neque

502 2125 893 2193 cognitionem,
924 2139 1101 2195 neque
1131 2141 1280 2195 spem
1313 2127 1577 2180 bonorum
1605 2143 1619 2192 ;
1654 2127 1747 2182 sed
1778 2142 1807 2180 a
1838 2128 2085 2183 terreStri

501 2212 803 2269 Jerusalem
825 2217 981 2285 juxta
1012 2230 1075 2269 ac
1104 2230 1133 2269 a
1170 2214 1347 2271 futura
1383 2217 1490 2270 vita
1517 2218 1855 2273 exciderunt.

577 2304 742 2361 XXV.
776 2306 1017 2374 Suscepit
1066 2306 1243 2362 Israel
1289 2325 1511 2378 puerum
1568 2310 1823 2375 suumh;
1882 2324 1987 2364 non
2021 2310 2088 2365 ad

506 2415 703 2454 nomen
746 2400 1008 2472 (Israelis)
1045 2409 1276 2471 spectat,
1302 2401 1397 2456 sed
1438 2415 1626 2456 verum
1667 2400 1965 2470 (lsraelein)
1999 2403 2091 2457 de-

506 2491 705 2562 signat,
739 2493 951 2548 scilicet
983 2508 1089 2548 non
1139 2508 1236 2549 eos
1265 2494 1357 2562 qui
1384 2494 1603 2549 nomine
1629 2493 1960 2564 gloriantur,
1989 2495 2087 2549 sed

507 2584 597 2651 qui
626 2583 859 2639 nominis
891 2584 1049 2639 [idem
1079 2585 1444 2640 servaverint.
1498 2584 1823 2640 Recordatus
1883 2586 2094 2639 miseri-

510 2675 706 2727 cordia:
764 2691 898 2741 sure,
958 2678 1097 2729 sicut
1131 2675 1338 2730 locutus
1383 2686 1461 2730 est
1500 2677 1569 2729 ad
1614 2687 1792 2746 patres
1851 2686 2086 2744 nostros,

513 2765 783 2820 Abraham
829 2775 880 2821 et
934 2765 1092 2821 Isaac
1123 2778 1169 2822 et
1199 2767 1394 2834 Iacob,
1427 2777 1474 2823 et
1521 2769 1707 2823 semini
1747 2768 1862 2838 ejus
1909 2770 1964 2823 in
1997 2785 2096 2825 sw-

511 2858 635 2912 (ιιι.
663 2859 679 2899 ί
705 2897 720 2914 .

590 2948 921 3005 Vaticinium
944 2964 1051 3005 non
1080 2963 1240 3005 suum
1271 2951 1553 3016 duntaxat,
1592 2952 1687 3007 sed
1726 2960 1782 3007 et
1810 2952 2100 3022 prapheta-

516 3057 637 3095 rum
670 3041 906 3097 absolvit
934 3041 1327 3112 pollicitatione
1359 3040 1475 3106 Dei,
1520 3043 1614 3112 qui
1665 3058 1733 3099 ex
1775 3043 1890 3113 ipsa
1921 3045 2101 3099 nasci-

2165 582 2387 645 νοεῖται,
2436 580 2628 633 ἐαυτδν
2679 578 2987 649 σκορπίζει,
3031 576 3249 642 ἀνάξιος
3285 576 3387 647 τῆς
3436 573 3532 629 τοῦ
3574 575 3756 646 Ἰησοῦ

2168 670 2413 741 κλήσεως
2449 672 2765 741 γενόμενος.

2237 765 2363 817 ΚΔ¹.
2388 763 2679 819 Καθεῐυιεν
2693 762 3002 827 δυνάστας
3018 760 3135 815 ἀπὸ
3154 758 3407 827 θρόνων,
3424 757 3524 811 καὶ
3544 756 3755 826 ὕψωσε

2167 856 2510 921 ταπεινούς.
2556 855 2786 924 Μεγάλα
2844 855 2956 925 γὰρ
3008 852 3269 924 ἐφρόνουν
3321 851 3609 920 Φαρισαῖοι
3659 852 3755 902 καὶ

2169 946 2544 1016 Γραμματεῖς,
2576 946 2676 1010 τὰς
2714 943 3196 1017 πρωτοκαθεδρίας
3248 942 3527 1013 μετιόντες
3549 958 3562 970 ’
3592 933 3669 995 ὧν
3707 940 3757 971 ²⁹

2171 1036 2556 1107 καθῃρέθησαν
2584 1037 2673 1091 διὰ
2722 1036 2821 1107 τὴν
2848 1036 2983 1106 πρὸς
3010 1036 3102 1089 τὸν
3156 1032 3369 1102 Ἰησοῦν
3417 1029 3757 1097 ἀντιλογίαν.

2244 1128 2355 1182 Kal
2381 1128 2630 1196 ὕψωσεν
2653 1126 2972 1192 ταπεινοὺς
3005 1125 3129 1188 τοὺς
3179 1121 3758 1193 ἀπεσκορπισμένους,

2174 1218 2363 1289 ἐπειδὴ
2412 1217 2492 1288 τῷ
2538 1217 2828 1288 οὐρανόθεν
2878 1216 2976 1269 καὶ
3023 1216 3087 1268 ἐκ
3116 1213 3226 1266 τῶν
3273 1211 3497 1283 ὑψηλῶν
3548 1209 3765 1263 ἐλθόντι

2175 1309 2630 1364 πεπιστεύκασιν.
2691 1306 3032 1373 Πεινῶντας
3093 1303 3442 1371 ἐνέπλησεν
3498 1299 3763 1371 ἀγαθῶν.

2186 1400 2483 1471 Ἐλίμωττε
2513 1399 2622 1471 γὰρ
2660 1398 2721 1452 τὸ
2763 1398 2920 1467 γένος
2961 1396 3072 1451 τῶν
3106 1394 3413 1466 ἀνθρώπων
3454 1393 3594 1464 πλὴν
3635 1393 3764 1446 Ἰου-

2174 1492 2358 1546 δαίων.
2419 1491 2528 1545 Kal
2586 1489 3010 1555 πλουτοῦντας
3067 1486 3466 1554 ἐξαπέστειλε
3521 1485 3764 1550 κενούς.

2188 1580 2474 1643 Ἰουδαίους
2502 1579 2729 1651 δηλαδὴ,
2759 1579 3215 1647 πεπλουτηκότας
3250 1578 3317 1648 τῇ
3349 1573 3646 1646 νομοθεσίᾳ
3669 1575 3770 1627 καὶ

2175 1674 2244 1742 τῇ
2273 1670 2593 1741 διδασκαλίᾳ
2627 1669 2740 1724 τῶν
2764 1666 3281 1740 ἁγίωνπροφητῶν.
3308 1664 3524 1727 Οἴτινες
3549 1664 3659 1717 ὗπε
3671 1680 3770 1733 ρη-

2182 1762 2347 1834 φανίᾳ
2373 1762 2889 1833 ὑπερμαχήσαντες,
2922 1760 3017 1813 καὶ
3046 1758 3168 1811 λίαν
3199 1756 3276 1828 τῷ
3304 1755 3577 1825 ἀξιώματι
3600 1756 3772 1824 ἐπαρ-

2182 1854 2390 1919 θέντες,
2420 1852 2512 1907 διὰ
2538 1853 2598 1907 τὸ
2632 1853 2708 1923 μὴ
2729 1850 3006 1915 ταπεινῶς
3038 1849 3359 1921 προσελθεῖν
3394 1846 3470 1917 τῷ
3499 1845 3773 1916 ἐνανθρω-

2182 1945 2425 2011 πίσαντι,
2439 1944 2892 2017 ἐξαπεστάλησαν
2911 1943 3082 2003 κενοὶ,
3104 1941 3272 2012 μηδὲν
3291 1939 3336 1971 ⁵ο
3356 1940 3517 2007 ἐπιφε
3527 1937 3770 2008 ρόμενοι,

2186 2031 2325 2101 μήτε
2376 2030 2582 2098 πίστιν,
2625 2033 2766 2103 μήτε
2809 2031 3036 2101 γνῶσιν,
3081 2032 3220 2101 μήτε
3264 2027 3460 2081 ἐλπίδα
3510 2024 3767 2095 ἀγαθῶν·

2183 2122 2298 2175 ἀλλ’
2324 2122 2717 2178 ἐκπεπτώκασι
2742 2123 2838 2178 καὶ
2861 2123 2961 2194 τῆς
2984 2121 3231 2191 ἐπιγείου
3266 2120 3331 2174 Ἱε
3343 2118 3648 2192 ρουσαλὴμ,
3678 2117 3777 2169 καὶ

2185 2215 2282 2285 τῆς
2316 2215 2621 2286 μελλούσης
2650 2215 2817 2285 ζωῆς.

2259 2306 2368 2360 KE'
2436 2305 2822 2361 ’Δγ-τολάδετο
2856 2304 3105 2375 Ἰσραὴλ
3140 2304 3356 2372 παιδὸς
3400 2303 3593 2360 αὐτοῦ
3613 2320 3627 2335 ·
3672 2302 3777 2356 οὐκ

2189 2397 2523 2467 ὁνοματίζει,
2556 2397 2650 2451 τδν
2686 2397 2940 2469 ἀληθινὸν
2975 2397 3263 2467 σημαίνει·
3290 2397 3353 2451 οὐ
3389 2398 3517 2460 τοὺς
3545 2395 3779 2465 ὀνόματι

2193 2491 2651 2564 σεμνυνομένους,
2688 2490 2826 2545 ἀλλὰ
2849 2492 2976 2555 τοὺς
3010 2490 3109 2562 τὴν
3162 2490 3347 2544 πίστιν
3381 2484 3781 2559 διατετηρηκόο

2195 2602 2298 2647 τας
2324 2585 2424 2655 τῆς
2463 2583 2861 2656 προσηγορίας.
2903 2581 3266 2652 Μησθῆναι
3316 2580 3551 2645 ἐλέους,
3583 2576 3782 2642 καθὼς

2194 2679 2464 2748 Aldinae
2506 2678 2658 2747 πρὸς
2707 2677 2850 2743 τοὺς
2882 2677 3141 2746 πατέρας
3184 2674 3373 2746 ἡμῶν,
3400 2674 3480 2739 τῷ
3519 2671 3783 2742 Ἀϐραὰμ

2196 2770 2296 2825 καί
2345 2770 2426 2837 τῷ
2474 2770 2682 2826 Ἰσαὰκ
2728 2769 2827 2823 καί
2869 2767 2950 2834 τῷ
2986 2767 3212 2834 Ἰακὼϐ,
3245 2767 3343 2821 καὶ
3371 2764 3452 2832 τῷ
3482 2765 3784 2834 σπέρματι

2172 2862 2384 2918 αὐτοῦ
2409 2864 2497 2928 εις
2525 2862 2633 2915 τόν
2651 2860 2859 2915 αἰῶνα.

2200 2952 2207 2955 “
2269 2953 2481 3006 Τελειοῖ
2503 2952 2604 3023 τὴν
2636 2949 2993 3023 προφητείαν,
3036 2949 3097 3004 οὐ
3133 2950 3295 3020 μόνον
3326 2945 3425 3019 τὴν
3457 2946 3618 3009 ἰδίαν,
3643 2943 3785 3000 ἀλλὰ

2203 3046 2299 3099 καὶ
2340 3043 2448 3098 τῶν
2484 3043 2782 3115 προφητῶν
2820 3042 2964 3096 κατά
2994 3043 3095 3115 τὴν
3132 3038 3467 3109 ἐπαγγελίαν
3503 3037 3599 3091 τοῦ
3643 3034 3787 3089 Θεοῦ

517 3146 672 3187 turus
694 3143 812 3187 erat
837 3134 1146 3189 communis
1193 3132 1446 3188 Salvator
1468 3130 1627 3189 Iesus
1653 3135 1925 3190 Christus.
1973 3135 2091 3189 Non

2207 3135 2495 3208 μέλλοντος
2520 3134 2579 3200 ἐξ
2609 3133 2782 3203 αὐτῆς
2815 3132 3127 3201 γεννᾶσθαι,
3168 3129 3263 3184 τοῦ
3307 3127 3489 3183 κοινοῦ
3529 3126 3791 3198 Σωτῆρας

518 3226 807 3281 humiliora
834 3229 1017 3297 itaque
1061 3227 1391 3282 vaticinatur
1417 3225 1610 3293 Maria,
1642 3226 1769 3281 dum
1811 3226 2097 3296 perfectis-

517 3318 671 3373 simae
700 3320 1094 3387 dispensationi
1123 3319 1435 3383 ministrat;
1486 3327 1539 3372 et
1589 3317 1827 3373 exsultat
1870 3320 2099 3389 spiritus

518 3407 639 3477 ejus
664 3410 715 3461 in
747 3407 1000 3463 Domino.
1036 3408 1282 3464 Exsultet
1317 3416 1373 3462 et
1418 3407 1659 3464 Ecclesia
1700 3407 1754 3461 in
1786 3423 1991 3478 sponso
2037 3424 2102 3464 ac

522 3500 824 3555 Salvatore.
867 3501 925 3554 Si
957 3502 1102 3556 enim
1129 3501 1346 3555 laetatur
1374 3499 1461 3554 illa
1495 3498 1578 3553 vel
1628 3507 1758 3553 ante
1779 3501 1962 3569 operis
1985 3501 2101 3556 exl-

523 3604 659 3659 tum,
692 3594 782 3663 qui
816 3609 920 3648 nou
960 3594 1132 3663 magis
1162 3594 1415 3662 congruit
1444 3603 1502 3647 ut
1548 3591 1794 3647 Ecclesia
1841 3592 1955 3663 jam
2006 3595 2100 3649 de-

521 3695 775 3752 sponsata
807 3694 862 3739 et
888 3700 981 3755 per
1011 3686 1239 3755 angelici
1271 3686 1541 3741 sermonis
1567 3684 1873 3741 doctrinam
1925 3690 2102 3744 sancti

525 3777 721 3846 Sponsi
759 3777 1093 3847 setninejam
1123 3779 1431 3845 fecundata,
1457 3783 1626 3837 multo
1655 3783 1827 3854 magis
1848 3783 2104 3854 gaudeat,

524 3880 581 3925 et
614 3872 850 3939 gaudeat
881 3872 1269 3938 indesinenter,
1302 3881 1357 3927 et
1386 3874 1651 3930 ntirillcas
1696 3876 1907 3943 gratias
1956 3884 2103 3945 agat,

531 3973 588 4015 ct
628 3963 849 4018 virtutis
877 3964 1136 4034 oneribus
1185 3965 1403 4035 placere
1454 3966 1673 4022 studeat
1721 3966 1964 4031 Christo,
2016 3965 2107 4034 qui

529 4052 705 4107 l’actus
730 4061 816 4107 est
843 4054 892 4109 ei
925 4053 1217 4110 Salvator?
1256 4055 1353 4110 Cui
1398 4056 1567 4127 gloria
1618 4068 1671 4113 et
1716 4057 2004 4128 imperium
2055 4056 2108 4109 iu

528 4142 725 4198 sazcula
747 4144 1094 4201 saculorum.
1126 4146 1319 4203 Amen.

546 4518 2007 4557 ξιτ-..Μ

2013 4541 2173 4553 -.-

2213 3228 2389 3299 Ἰησοῦ
2432 3225 2696 3299 Χριστοῦ.
2738 3227 2854 3280 Οὐκ
2894 3225 2988 3279 οὖν
3016 3224 3376 3295 εὐτελέστερα
3416 3220 3515 3292 μέν
3539 3219 3790 3291 ἡΜαρία

2204 3318 2560 3391 προφητεύει,
2592 3320 2661 3389 τῇ
2691 3316 3004 3388 τελειοτάτη
3032 3314 3320 3386 οἰκονομίᾳ
3349 3311 3751 3381 διακονουμένη
3770 3327 3786 3340 ο

2203 3414 2298 3467 καὶ
2322 3411 2619 3481 ἀγάλλεται
2650 3410 2821 3480 αὐτῆς
2853 3408 2914 3462 τὸ
2942 3409 3161 3478 πνεῦμα
3191 3407 3286 3460 ἐπὶ
3328 3404 3407 3476 τῷ
3434 3404 3647 3475 Κυρίῳ.
3681 3402 3792 3455 Εὐ-

2206 3503 2522 3576 φραινέσθω
2554 3502 2610 3555 δέ
2642 3501 2737 3555 καὶ
2767 3503 2800 3571 ἡ
2844 3500 3145 3570 Ἐκκλησία
3189 3498 3280 3551 ἐπὶ
3324 3495 3401 3567 τῷ
3430 3494 3649 3566 νυμφίῳ
3692 3495 3794 3547 καὶ

2207 3598 2441 3667 Σωτῆρι.
2469 3596 2532 3648 Ei
2556 3595 2665 3664 γὰρ
2691 3592 2873 3663 ἐκείνη
2900 3590 3228 3663 εὐφραίνετο
3249 3590 3343 3643 καὶ
3368 3587 3476 3658 πρὸ
3500 3587 3598 3655 τῆς
3623 3584 3793 3639 ἐκϐά-

2210 3705 2352 3752 σεως
2374 3687 2468 3741 τοῦ
2493 3687 2677 3757 ἔργου,
2708 3684 2825 3748 πῶς
2849 3685 2911 3737 οὐ
2941 3683 3141 3754 μᾶλλον
3180 3680 3288 3753 χρὴ
3319 3679 3419 3751 τὴν
3454 3675 3795 3747 Ἐκκλησίαν

2210 3779 2634 3850 νυμφευθεῖσαν,
2668 3778 2760 3828 καὶ
2784 3774 2885 3845 ἥδη
2909 3773 2979 3826 τὰ
3012 3771 3308 3842 σπέρματα
3332 3767 3427 3821 τοῦ
3464 3767 3622 3834 ἁγίου
3650 3782 3793 3835 νυμ·

2204 3873 2329 3942 φίου
2355 3869 2660 3940 δεξαμένην
2678 3870 2747 3938 τῇ
2772 3864 3094 3936 διδασκαλίᾳ
3130 3862 3240 3917 τῶν
3265 3858 3573 3930 ἀγγελικῶν
3594 3858 3795 3925 λόγων,

2206 3965 2370 4019 πλέον
2414 3963 2514 4030 μὲν
2548 3958 2960 4032 εὐφραίνεσθαι,
3002 3955 3362 4017 ἀδιαλείπτως
3401 3952 3460 4004 δέ
3487 3949 3797 4018 ἀγγαλλιᾶ-

2211 4059 2357 4119 σθαι,
2394 4054 2740 4127 εὐχαριστεῖν
2768 4051 2826 4103 δὲ
2858 4047 3344 4121 ὐπερδαλλόντως,
3389 4044 3698 4113 εὐδοκιμεῖν
3739 4042 3797 4097 δὲ

2211 4134 2555 4219 ἀρεσκόντως
2582 4146 2641 4197 ὲν
2666 4143 2851 4215 ἔργοις
2877 4140 3079 4212 ἀρετῆς
3107 4139 3185 4210 τῷ
3226 4136 3661 4209 παραγενομένῳ
3691 4135 3802 4187 Σω-

2212 4241 2341 4310 τῆρι
2388 4235 2644 4308 Χριστῷ;
2676 4227 2747 4306 ’ῼ
2797 4235 2830 4304 ή
2873 4232 3001 4297 δύξα
3057 4231 3154 4285 καὶ
3200 4230 3263 4283 τὸ
3301 4230 3500 4301 κράτος
3552 4228 3633 4290 εἰς
3670 4224 3801 4289 τοὺς

2136 4389 2144 4395 _
2214 4329 2420 4393 αἰῶνας
2456 4327 2565 4382 τῶν
2602 4324 2835 4381 αἰώνων.
2876 4324 3074 4395 Ἀμήν.

2916 4505 3787 4544 =_—======.-==-=:=-=====:

1737 4687 2582 4797 FRAGMENTA.

537 4877 955 4964 ΑΝΤΙΙῼΑἸᾚΙ
1006 4883 1083 4953 (l)
1130 4880 1370 4964 .epismpi
1400 4879 1609 4964 gastris
1657 4866 2091 4964 Contradictione.

2221 4876 2694 4964 ANTLIHATPQ'Y
2744 4874 3085 4964 {maniam}
3120 4866 3805 4964 ξύστρηςλβτςξξὲἒηὲἳ

610 4950 664 5005 in
714 4947 1025 5006 Eusebium'
1058 4947 1358 5020 episcopum
1412 4949 1672 5020 Cwsureie
1722 4965 1817 5017 pro
1874 4947 2117 5018 Origem's

608 5021 932 5090 defensioue,
966 5019 1136 5075 sermo
1163 5024 1388 5092 primus,
1417 5020 1570 5088 cujus
1601 5019 1809 5073 initium
1835 5027 1911 5073 est
1939 5033 1959 5072 :

613 5200 729 5271 Ego
778 5200 994 5269 quidem
1054 5199 1387 5255 sufﬁcienter
1451 5199 1786 5253 aestimabam
1845 5213 1933 5253 me
1983 5200 2120 5253 scri-
2153 5211 2196 5266 ο

541 5294 740 5363 psissc,
771 5301 822 5346 ct
846 5293 932 5349 bis
961 5307 1081 5362 qua:
1114 5308 1143 5346 a
1179 5304 1266 5346 tua
1305 5293 1594 5349 sanctitate
1616 5290 1766 5361 jussa
1789 5302 1934 5352 sunt,
1969 5292 2130 5346 satis-

678 5407 806 5463 Luc.
833 5422 870 5472 ι,
909 5407 1000 5463 52.
1080 5406 1101 5446 ί
1141 5405 1332 5461 Matth.
1364 5421 1522 5473 χχιιι,
1553 5406 1629 5475 6;
1663 5405 1797 5461 Luc.
1825 5422 1900 5470 χι,
1931 5407 2020 5462 45.

2193 5424 2287 5464 inc.
2322 5426 2360 5476 ι,
2392 5410 2481 5465 5'5.
2558 5411 2582 5450 δ
2623 5410 2753 5467 ibid.
2791 5408 2878 5466 54.

2296 4947 2407 5017 τῆς
2426 4946 2730 5017 Εὐσεϐίουί
2755 4946 3091 5017 ἐπισκόπου
3125 4938 3485 5017 Καισαρείας
3512 4938 3665 5002 ὑπὲρ
3682 4938 3806 5017 ξῆς

2295 5000 2640 5156 Ἐριτγένους
2702 5016 3054 5085 ἀπολογίας,
3103 5012 3287 5081 λόγος
3315 5000 3593 5075 apti—tog,
3626 5000 3711 5060 ὀὗ
3772 5008 3808 5077 ἡ

2326 5106 2407 5156 ρχ
2472 5103 2484 5117 ⁸

2311 5200 2453 5271 Ἐγὼ
2486 5202 2584 5273 μὲν
2616 5199 2935 5272 ἀρκούντως
2965 5196 3220 5269 ἐνόμιζον
3248 5189 3682 5265 γεγραφηκέναι,
3711 5186 3808 5239 καὶ

2236 5293 2298 5346 τὸ
2332 5294 2515 5348 ἰκανὸν
2542 5296 2655 5357 τοῖς
2695 5293 2848 5363 παρὰ
2875 5289 2977 5361 τῆς
3020 5289 3118 5360 σῆς
3153 5286 3436 5356 ὁσιότητος
3486 5276 3809 5351 ἐπιταχθεὶς

2956 5409 2974 5449 ί
3013 5406 3146 5464 ibid.
3179 5405 3263 5461 55.

1841 5499 2073 5555 VARle
2120 5501 2527 5559 LECTIONES.

613 5589 661 5623 ι’
684 5588 819 5644 Cod.
850 5582 942 5647 ὧν.
1023 5590 1068 5622 ³ο
1099 5588 1230 5644 Cod.
1263 5586 1339 5657 μὴ
1361 5589 1470 5644 δέν.

2071 5660 2309 5717 NOTAE.

618 5776 695 5847 (Ι)
723 5773 917 5837 Must,
961 5768 1119 5826 Cons.
1155 5787 1272 5841 gen.
1304 5780 1341 5824 ι.
1378 5770 1513 5837 Xlll,
1548 5788 1599 5841 ι).
1636 5771 1754 5826 177.
