4086 6424
366 308 505 371 1793

1752 313 2214 375 FRAGMENTA

3502 324 3638 386 ΠΜ

363 420 618 489 ποιῆσαι,
648 416 720 472 τὰ
764 417 943 473 πάντα
988 419 1374 489 θεοφιλέστατε
1423 420 1519 475 καὶ
1549 420 1811 476 ὁσιώτατε
1842 423 1943 476 πά·

2053 426 2266 493 iecisse,
2296 440 2392 496 per
2415 427 2594 482 omnia
2622 428 2732 484 Deo
2750 429 2998 484 amabilis
3029 438 3076 486 et
3107 433 3450 489 sanctissime
3482 450 3637 506 pater

360 528 458 583 τερ
495 509 740 581 Ἰωάννη.
782 510 891 565 Καὶ
931 511 1061 580 μετ’
1102 512 1310 582 ὀλίγα·
1362 513 1581 584 Ἐπειδὴ
1620 514 1732 585 γὰρ
1784 515 1949 567 πολυ-

359 604 537 682 ίστωρ
572 605 600 656 ό
627 603 770 674 ἀνὴρ
822 603 1039 672 γέγονε,
1083 603 1263 668 πάσας
1291 606 1392 668 τὰς
1420 605 1530 659 τῶν
1573 606 1947 677 ἀρχαιοτέρων

362 696 582 768 βίϐλους
607 713 668 749 τε
703 696 801 750 καὶ
844 698 1266 768 συγγράμματα
1299 699 1662 769 ἐξερευνήσας
1709 700 1804 753 καὶ
1854 701 1948 753 ἀν-

361 807 641 859 ιχνευσας,
669 789 882 854 καὶτὰς
913 792 1134 846 πάντων
1166 791 1367 863 μικροῦ
1396 792 1508 845 δεῖν
1532 792 1690 859 δόξας
1711 792 1945 863 ὲκθέμευ

357 900 473 947 νος,
499 885 594 937 καὶ
628 884 856 938 πλεῖστα
879 885 1301 956 συγγράμματα
1332 886 1671 956 καταλείψας
1699 886 1779 957 τῷ
1808 887 1907 958 βίῳ
1927 903 1943 920 ⁸

354 968 433 1030 ὧν
485 977 602 1030 ἔνια
656 978 752 1032 καὶ
811 979 995 1049 πάσης
1048 979 1324 1048 ἀποδοχῆς
1373 978 1501 1044 ἄξια
1550 980 1847 1051 τυγχάνειο
1876 982 1942 1051 τῇ

355 1068 584 1140 τοιαύτῃ
622 1068 718 1122 τοῦ
761 1068 955 1140 ἀνδρὸς
1005 1069 1275 1141 ὑπολήψει
1317 1070 1612 1142 χρώμενοι,
1659 1071 1943 1141 συναρπά-

356 1160 474 1225 ζειν
519 1162 892 1230 ἐπιχειροῦσιν
927 1161 1126 1226 ἐνίους,
1165 1162 1240 1225 ὡς
1265 1164 1370 1228 ὅτι,
1405 1162 1592 1232 φησὶν,
1637 1162 1739 1216 οὐκ
1765 1162 1832 1216 ἂν
1871 1163 1946 1215 εἴ·

356 1250 481 1303 λετο
504 1252 763 1315 Εὐσέϐιος
792 1253 887 1304 ἐπὶ
912 1252 1070 1305 τοῦτο
1099 1253 1248 1315 ἰδεῖν,
1288 1256 1337 1307 εί
1377 1253 1453 1325 μὴ
1484 1254 1666 1316 πάσας
1698 1255 1944 1325 ἀκριϐῶς

355 1344 630 1412 ¹ἡπίστατο
651 1345 762 1398 τῶν
789 1346 1037 1399 παλαιῶν
1067 1346 1167 1410 τὰς
1196 1347 1355 1411 δόξας
1396 1346 1554 1401 τοῦτο
1584 1346 1940 1417 βουλομένας.

369 1434 512 1502 Ἐγὼ
540 1435 620 1501 δὲ,
661 1438 744 1490 ὅτι
800 1437 901 1507 μὲν
953 1438 1266 1509 πολυῖστωρ
1312 1440 1341 1491 ὁ
1375 1438 1535 1509 ἀνὴρ,
1569 1440 1662 1492 καὶ
1696 1438 1852 1492 οὐδέν
1890 1456 1942 1492 τι

355 1526 464 1580 τῶν
483 1528 861 1600 παλαιοτέρων
888 1529 1344 1600 συγγραμμάτων
1366 1527 1466 1599 τὴν
1484 1529 1698 1583 ἐκείνου
1728 1527 1940 1583 διέλαθε

354 1616 582 1686 γνῶσιν,
630 1619 887 1690 σύμφημι
936 1622 1032 1674 καὶ
1070 1621 1339 1692 ὁμολογῶ.
1378 1620 1641 1691 Βασιλικῇ
1675 1619 1785 1691 γὰρ
1815 1637 1943 1673 συν-

354 1709 517 1782 εργίᾳ
546 1711 835 1782 χρώμενος
855 1751 872 1776 ,
927 1712 1128 1783 ῥᾳδίως
1157 1713 1225 1766 τὰ
1255 1712 1539 1783 πανταχοῦ
1574 1712 1711 1783 πρὸς
1748 1711 1940 1765 ἑαυτὸν

2053 516 2314 574 Joannes.
2362 519 2427 573 Et
2459 532 2575 589 post
2604 539 2814 590 pauca:
2840 523 3106 589 Quoniam
3142 526 3343 582 mullus
3374 527 3425 580 in
3460 529 3635 584 histo-

2055 608 2152 664 riis
2202 609 2304 666 fuit
2338 613 2442 675 vir,
2487 616 2667 668 omnia
2700 616 3052 683 antiquorum
3091 617 3364 672 volumina
3412 629 3468 675 et
3501 625 3635 675 etin-

2054 703 2254 770 scripta
2281 712 2555 759 scrutatus
2582 716 2747 774 atque
2795 708 3042 775 rimatus,
3090 718 3145 762 et
3187 721 3415 765 cunctas
3463 711 3636 767 ferme

2053 793 2337 860 Opiniones
2359 809 2659 865 exponens,
2678 807 2729 851 et
2756 797 2985 867 plurima
3012 802 3321 868 conscripta
3351 802 3404 856 in
3435 804 3636 857 saeculo

2053 883 2474 953 derelinquens,
2521 903 2753 957 quorum
2803 891 3056 943 nonnulla
3124 892 3268 946 omni
3323 896 3635 963 receptione

2052 972 2212 1044 digna
2244 979 2569 1041 consistunt,
2611 980 2739 1033 talis
2779 981 2876 1034 viri
2908 983 3164 1051 epit-ioue
3190 993 3431 1051 utentes,
3461 986 3632 1040 subri-

2052 1079 2182 1133 pere
2213 1078 2483 1121 conantur
2525 1070 2836 1135 nonnullos,
2890 1074 3122 1128 fatentes
3176 1076 3316 1143 quod
3363 1075 3634 1133 Eusebius

2053 1160 2163 1228 (I7)
2220 1161 2286 1214 ad
2343 1162 2444 1217 IIOC
2499 1179 2605 1218 non
2658 1167 2965 1221 traheretur
3005 1167 3224 1233 vidisse,
3291 1169 3393 1223 nisi
3442 1185 3633 1224 omnes

2051 1249 2118 1299 ad
2178 1248 2436 1317 quuidmn
2490 1262 2733 1306 veterum
2793 1254 2959 1309 sciret
3010 1257 3299 1326 opiniones
3351 1258 3451 1313 hoc
3496 1258 3634 1313 velle

2050 1352 2441 1398 monstrantes.
2470 1345 2537 1398 At
2566 1360 2689 1414 ego,
2723 1347 2865 1414 quod
2898 1347 3100 1403 multus
3126 1350 3343 1418 quidem
3376 1351 3427 1403 in
3462 1351 3633 1405 histo-

2050 1431 2149 1485 riis
2179 1432 2345 1486 fuerit
2374 1435 2477 1502 vir,
2503 1448 2558 1491 et
2581 1438 2713 1492 nihil
2741 1453 2805 1492 ex
2836 1439 3112 1494 veteribus
3132 1440 3631 1509 conscriptionibus

2050 1522 2196 1577 illius
2263 1523 2491 1582 latuerit
2546 1529 2837 1595 notitiam,
2890 1533 3172 1586 consentio
3239 1542 3292 1586 et
3343 1531 3627 1586 confiteor.

2047 1616 2322 1687 Imperiali
2338 1620 2536 1691 quippe
2557 1623 2940 1689 coOpcratioue
2956 1639 3105 1689 usus,
3124 1623 3280 1678 facile
3293 1639 3413 1693 qua?
3428 1625 3630 1694 ubique

2046 1724 2237 1779 sparsa
2291 1721 2487 1775 erant,
2545 1714 2797 1783 colligere
2853 1724 3086 1784 poterat.
3148 1715 3266 1771 Non
3324 1725 3505 1771 autem
3561 1717 3628 1769 ad

354 1804 611 1872 συνάγειν
638 1804 892 1873 ἠδύνατο.
917 1805 1118 1858 Οὐκέτι
1137 1805 1194 1858 δὲ
1230 1806 1367 1876 πρὸς
1388 1806 1487 1875 τὴν
1513 1804 1624 1857 τῶν
1655 1804 1943 1873 δογμάτων

2046 1802 2359 1872 dogmatum
2392 1804 2652 1858 acribiam
2681 1804 2796 1877 (18)
2819 1806 2961 1859 hunc
2995 1806 3309 1877 pervenisse
3346 1806 3626 1874 perliibeo.

353 1895 647 1966 ἀκρίϐειαν
681 1896 887 1964 φθάσαι
913 1897 1060 1966 φημὶ
1083 1897 1175 1951 τὸν
1206 1896 1571 1968 άνδρα.Ὀθεν
1600 1895 1945 1967 πολυμαθίας

354 1988 455 2057 μὲν
486 1989 918 2058 παραχωρητέον
960 1989 1133 2060 αὐτῷ,
1171 1990 1461 2060 δογμάτων
1491 1990 1549 2044 δὲ
1576 1989 1782 2059 γνῶσιν
1812 1990 1942 2043 οὐκ·

353 2081 433 2136 έτι
458 2096 472 2112 ⁸
519 2080 659 2134 ἀλλὰ
702 2082 800 2134 καλ⁸
843 2081 990 2136 πάνυ
1048 2082 1283 2136 κατόπιν
1315 2082 1509 2135 τοῦτον
1549 2084 1651 2149 τῆς
1683 2081 1946 2152 τοιαύτης

352 2172 640 2246 ἀκριϐείας
667 2174 963 2243 γενόμενον
982 2174 1357 2245 ἐπιστάμεθα.
1386 2174 1496 2228 Καὶ
1512 2175 1662 2244 μετά
1683 2175 1944 2243 βραχέα*

352 2263 518 2317 Ὥστε
551 2264 638 2334 δὴ,
693 2264 783 2317 ἴνα
828 2264 904 2334 μὴ
939 2264 1184 2335 δόξωμεν
1230 2264 1588 2336 ἐπεμϐαίνειν
1632 2263 1712 2335 τῷ
1760 2263 1941 2334 ἀνδρὶ,

353 2355 481 2426 περὶ
512 2349 587 2408 ὧν
611 2356 672 2408 οὐ
702 2355 995 2427 πρόκειται
1023 2358 1157 2427 ἡμῖν
1188 2357 1282 2409 ἐπὶ
1307 2355 1403 2410 τοῦ
1431 2357 1702 2428 παρόντος
1737 2356 1940 2424 λέγειν,

352 2448 439 2502 ἵνα
498 2448 885 2519 βασανίζοντες
930 2448 1071 2519 πρὸς
1132 2448 1427 2520 ἀκρίϐειαν
1481 2448 1582 2520 τὴν
1639 2449 1943 2520 γενομένην

351 2541 688 2609 ἀπολογίαν,
733 2542 1051 2612 αἱρετικοὺς
1094 2540 1474 2610 ἀποδείξωμεν
1525 2542 1655 2605 τοὺς
1703 2540 1945 2611 ἀμφοτέ-

351 2650 502 2704 ρους,
551 2635 720 2687 αὐτόν
749 2652 810 2688 τε
854 2635 948 2688 τὸν
995 2634 1504 2706 ἀπολογησάμενον,
1549 2636 1766 2689 καὶτὸν
1802 2635 1945 2705 ὑπὲρ

351 2726 474 2778 ὅτου
506 2726 607 2796 τὴν
633 2725 933 2795 ἀπολογίαν
969 2726 1249 2792 συνέταξε.
1283 2727 1393 2781 Καὶ
1420 2729 1561 2796 μηθ’
1607 2725 1801 2795 ἔτεραθ
1832 2728 1946 2779 Δεῖ-

351 2817 442 2881 ξον
482 2820 682 2889 τρανὶν
721 2819 817 2871 καὶ
846 2819 1219 2890 ἀναμφίϐολόν
1257 2836 1381 2873 τινα
1410 2818 1521 2872 τῶν
1554 2819 1656 2888 τῆς
1708 2818 1944 2888 Ἐκκλη-

353 2909 476 2973 σίας
528 2910 803 2979 διαφανῶν
847 2911 1213 2978 διδασκάλων,
1244 2912 1330 2965 ὃτι
1377 2911 1833 2983 προύπάρχουσιν
1885 2912 1941 2963 σί

352 3005 462 3057 τῶν
496 3004 802 3075 ἀνθρώπων
826 3004 1018 3074 ψυχαὶ,
1048 3005 1457 3075 δογματίσαντα
1480 3024 1492 3036 ·
1528 3005 1624 3058 καὶ
1650 3004 1725 3075 μὴ
1759 3020 1943 3074 παρα-

352 3097 647 3168 λογισμούς
675 3115 827 3162 τινας
864 3098 1165 3169 προφέρειν
1195 3098 1375 3169 πειρῶ
1407 3099 1487 3162 είς
1528 3095 1827 3161 ἀπόδειξιν.
1868 3095 1941 3149 Τὸ

352 3190 461 3257 γὰρ
491 3187 768 3241 δεικνύναι
815 3204 874 3241 σε
912 3188 1185 3255 σπεύδειν,
1220 3188 1319 3261 τὴν
1363 3187 1459 3241 τοῦ
1494 3185 1628 3240 Υἱοῦ
1673 3185 1812 3256 πρὸς
1848 3185 1940 3239 τὸν

353 3281 576 3351 Πατέρα
616 3280 883 3333 ὑπόϐασιν
940 3281 1143 3351 ὁμοίως
1206 3279 1357 3350 αὐτῷ
1403 3296 1557 3343 τινας
1610 3277 1938 3349 εἰρηκότας,

355 3371 575 3440 πρῶτον
620 3372 719 3441 μὲν
748 3371 810 3424 οὐ
852 3369 1190 3440 ξενισθῶμεν
1215 3383 1230 3398 ⁸
1266 3367 1361 3421 σοῦ
1392 3368 1502 3437 γάρ
1536 3368 1635 3420 καὶ
1668 3366 1777 3419 τῶν
1814 3366 1985 3437 mpii”-

356 3464 415 3515 σὲ
448 3464 479 3533 ἠ
512 3462 740 3533 τοιαύτη
774 3462 923 3528 δόξα.
953 3461 1118 3514 Ὅθεν
1148 3460 1278 3530 περὶ
1313 3458 1509 3511 τούτου
1548 3457 1643 3511 ἐπὶ
1669 3457 1764 3510 τοῦ
1795 3473 1941 3527 παρ-

352 3557 507 3619 όντος
555 3556 713 3625 λόγος
768 3558 901 3627 ἡμῖν
949 3553 1148 3618 οὐδεὶς,
1211 3552 1381 3607 πάλαι
1434 3553 1534 3622 μὲν
1583 3552 1939 3621 οἱκουμενικῇ

353 3650 582 3720 ζητήσει
611 3647 1016 3719 ὑποϐληθέντος
1047 3646 1143 3700 καὶ
1168 3642 1669 3715 ἀποκηρυχθέντος.
1698 3644 1789 3712 Μὴ
1820 3643 1942 3695 πεί-

355 3739 543 3793 θεσθαι
574 3740 629 3793 δὲ
662 3742 720 3793 ὲν
754 3739 932 3810 τούτῳ
955 3738 1067 3810 [ian
1096 3738 1235 3807 μήτε
1264 3732 1550 3787 πείθεσθαι
1579 3731 1699 3784 δέον
1719 3727 1940 3803 τούτῳ],

357 3834 494 3905 μηδὲ
523 3834 589 3885 δι’
621 3832 716 3895 οὒς
762 3831 937 3885 ταῦτα
965 3832 1097 3901 ἡμῖν
1143 3828 1457 3899 πρόκειται,
1494 3821 1806 3893 βασανίζειν
1832 3838 1844 3850 ·
1882 3820 1943 3872 τὸ

352 3928 410 3981 δὲ
430 3926 594 3999 ψιλὴν
629 3927 728 3997 τὴν
757 3926 886 3995 περὶ
911 3924 1095 3995 ἀρχῶν
1119 3923 1304 3993 φωνὴν
1326 3918 1659 3981 διαϐάλλειν,
1687 3913 1943 3985 οὐδαμῶς

354 4018 505 4091 παρὰ
530 4036 674 4081 τινος
698 4018 860 4088 μέχρι
890 4015 987 4069 τοῦ
1012 4014 1107 4069 νῦν
1135 4015 1401 4083 ἀκήκοας,
1430 4003 1476 4064 ὧ
1502 4008 1643 4063 δεινὲ
1672 4007 1941 4079 συνήγορε

350 4117 464 4175 τοῖς
504 4113 815 4182 Ὠριγένονς
831 4111 1024 4180 ἀτοπὴ
1034 4125 1230 4181 μασινκ

357 4252 495 4306 ἸὉΥ
544 4251 796 4305 ΑΥΤΟΥ
827 4248 1041 4319 (Ι).Ἑκ
1068 4244 1386 4319 τοῦ-λόγου
1429 4241 1541 4319 τοῦ
1576 4242 1664 4307 εις
1692 4239 1809 4309 τὴν
1850 4242 1940 4294 αι-

464 4376 469 4383 .
796 4311 1064 4389 ιὶόρῤουν
1087 4332 1101 4346 ’
1123 4311 1195 4371 οὗ
1224 4315 1263 4382 vi
1283 4311 1443 4384 ἀρχή
1471 4329 1484 4343 ·

426 4435 548 4488 ’Ότι
602 4433 702 4504 μὲν
752 4431 947 4504 πρώτη
1015 4428 1288 4483 Ἰουδαίων
1342 4426 1558 4498 κλῆσις,
1618 4422 1857 4489 ἐδίδαξεν
1903 4426 1936 4496 ἡ

354 4527 392 4580 Γ
399 4530 566 4598 ραφή.
599 4526 709 4580 Καὶ
735 4524 867 4591 μεθ’
904 4522 1098 4591 ἔτεραο

422 4618 610 4672 Ταῦτα
639 4616 735 4669 τοῦ
770 4614 1044 4686 σωτηρίου
1075 4613 1386 4684 κρασπέδου
1430 4608 1707 4680 λαϐομένη
1748 4608 1935 4675 ἔλεγεν

352 4713 385 4781 ἡ
414 4710 741 4781 αἱμόρρους,
771 4706 847 4769 ὡς
877 4703 1106 4777 βασιλέα
1147 4705 1244 4775 τῆς
1274 4703 1490 4772 φύσεως
1533 4698 1812 4772 κρατοῦσα
1842 4698 1936 4751 τὸν

354 4802 582 4872 Κύριον,
620 4798 716 4852 καὶ
746 4797 842 4850 τοῦ
874 4796 1084 4858 πάθους
1121 4794 1221 4865 τὴν
1251 4793 1545 4865 τυραννίδα
1578 4793 1931 4846 διδάσκουσα.

355 4895 463 4946 Καὶ
486 4890 728 4962 τυχοῦσα
754 4890 853 4960 τῆς
879 4888 1111 4960 δωρεᾶς,
1142 4886 1463 4956 ἀνδριάνταν
1490 4886 1679 4955 ἧγειρε
1710 4882 1788 4953 τῷ
1812 4883 1940 4953 Χρι-

354 4984 488 5054 στῷ,
521 4983 615 5037 τὸν
672 4979 773 5053 μὲν
801 4979 1030 5034 πλοῦτον
1079 4980 1285 5049 ἰατροῖς
1332 4975 1685 5037 ἀναλώσασα,
1733 4973 1831 5027 τοῦ
1878 4971 1935 5025 δὲ

355 5075 589 5128 πλούτου
616 5074 686 5128 τὰ
717 5071 1021 5142 λειπόμενα
1053 5069 1472 5140 προσενέγκασα
1495 5065 1575 5137 τῷ
1602 5064 1847 5138 Χριστῷ.

419 5208 566 5264 ΤΟΥ
596 5209 850 5265 ΑΥΤΟΥ
875 5208 972 5282 (Ξ).
1028 5208 1125 5260 Ἐκ
1175 5203 1296 5259 τῶν
1321 5203 1473 5259 κατὰ
1518 5201 1877 5273 Ὠριγένους.

436 5322 497 5376 Ὀ
528 5322 636 5393 γάρ
673 5339 755 5376 τοι
784 5320 1030 5384 διάϐολος
1059 5319 1159 5390 τῆς
1185 5317 1364 5387 αὐτῆς
1396 5315 1668 5370 ἀθανάτου
1699 5312 1808 5366 τῶν
1840 5313 1940 5382 ἀγ.

359 5415 530 5486 γέλων
563 5415 825 5486 ὑπάρχων
846 5414 1027 5484 δόξης,
1060 5412 1137 5484 μὴ
1162 5411 1412 5483 τηρήσας
1434 5409 1534 5482 τὴν
1555 5407 1751 5462 ἑαυτοῦ
1782 5407 1940 5474 ἀξίαν

432 5595 543 5679 (I7)
580 5591 674 5649 Cr.
711 5592 974 5648 noluisset
1008 5590 1112 5646 hoc
1156 5591 1450 5661 suscipere,
1497 5587 1603 5646 nisi
1653 5587 1933 5644 videretur

359 5683 594 5722 venisse.

427 5738 535 5809 (18)
570 5734 825 5790 Exactaut
854 5730 1238 5803 cognitionem.

2047 1891 2203 1949 Unde
2260 1895 2670 1950 concedendum
2723 1898 2940 1965 quidem
2987 1906 3068 1953 est
3125 1897 3220 1958 illi,
3273 1898 3417 1966 quod
3461 1896 3627 1950 multa

2045 1986 2299 2041 didicerit
2322 2004 2337 2053 ;
2361 1988 2507 2056 quod
2526 1998 2706 2042 autem
2728 1989 3041 2060 dogmatum
3058 1988 3307 2044 habuerit
3326 1989 3628 2051 notionem,

2048 2077 2200 2133 nullo
2226 2079 2388 2134 modo
2414 2096 2428 2132 :
2466 2094 2629 2147 quem
2661 2080 2921 2137 videlicet
2946 2081 3110 2136 nimis
3146 2080 3318 2136 fuisse
3343 2081 3530 2151 procul
3559 2083 3629 2135 ab

2048 2170 2240 2226 borum
2293 2170 2499 2224 acriltia
2535 2172 2760 2226 scimus.
2815 2170 2885 2225 Et
2933 2172 3096 2242 paulo
3146 2183 3307 2242 post:
3338 2173 3526 2242 Itaque
3562 2189 3631 2230 ne

2045 2262 2334 2318 videamur
2362 2263 2583 2334 aggredi
2619 2264 2820 2328 virum,
2857 2265 2925 2320 de
2965 2267 3165 2335 quibus
3203 2282 3308 2321 non
3339 2276 3425 2321 est
3472 2268 3629 2321 nobis

2048 2352 2540 2423 impraesentiarum
2568 2357 2780 2412 dicendi
2812 2358 3150 2427 propositum
3188 2375 3203 2425 ;
3238 2372 3417 2427 neque
3446 2358 3630 2414 discu-

2048 2447 2246 2503 tientes
2275 2447 2593 2517 diligentius
2628 2450 2933 2520 apologiam
2969 2466 3088 2519 qua:
3125 2449 3267 2505 facta
3300 2460 3409 2516 est,
3447 2451 3627 2507 Iler-

2032 2540 2185 2613 ‘tieos
2241 2544 2592 2597 ostendamus
2647 2552 2959 2613 utrmnque,
3033 2543 3207 2612 ipsutn
3265 2544 3479 2599 scilicet
3536 2544 3630 2611 qui

2046 2643 2366 2697 excusatur,
2409 2643 2465 2688 et
2502 2649 2627 2689 eum
2658 2636 2751 2705 qui
2778 2650 2875 2705 pro
2902 2649 2968 2690 eo
3010 2635 3417 2690 excusationem
3462 2650 3632 2704 expo-

2045 2724 2175 2778 suit.
2206 2725 2274 2778 Et
2292 2736 2407 2793 post
2431 2726 2582 2780 alia:
2615 2726 2859 2782 Ostende
2879 2743 3209 2799 quemquam
3239 2744 3303 2782 ex
3327 2728 3631 2783 illustribus

2044 2813 2303 2870 Ecclesia:
2335 2819 2631 2887 magistris,
2679 2820 2770 2888 qui
2800 2834 3056 2889 expresse
3086 2829 3140 2873 et
3173 2820 3621 2887 indubitabiliter,

2046 2907 2190 2975 quod
2240 2908 2621 2975 prwcxsistant
2649 2911 2865 2974 animae,
2913 2910 3369 2981 dOgmatizaverit
3408 2927 3422 2964 :
3472 2920 3525 2965 et
3563 2925 3629 2963 uc

2045 3002 2430 3069 subreptiones
2474 3004 2737 3072 quasdam
2789 3002 3034 3073 proferre
3072 3014 3245 3058 lentes
3274 3004 3342 3056 ad
3379 3018 3632 3072 compro-

2046 3093 2342 3148 liationent.
2400 3093 2533 3149 Illud
2576 3094 2720 3148 enim
2757 3096 2902 3163 quod
2965 3094 3348 3149 demonstrare
3378 3095 3627 3149 festinas.

2044 3182 2164 3238 Filii
2212 3182 2279 3236 ad
2320 3181 2539 3237 Patrem
2593 3183 2984 3251 subjectionem
3030 3185 3195 3237 etiam
3227 3184 3330 3240 sibi
3377 3182 3631 3239 similiter

2046 3275 2261 3345 aliquos
2318 3275 2631 3344 perbibere,
2680 3277 2855 3344 primo
2907 3276 3125 3346 quidem
3174 3292 3280 3330 nun
3327 3275 3627 3329 miremur:

2047 3380 2136 3423 tua
2192 3379 2282 3424 est
2324 3378 2374 3423 et
2414 3383 2603 3424 eorum
2654 3369 2747 3438 qui
2781 3371 2926 3424 circa
2981 3381 3031 3423 te
3070 3376 3218 3432 sunt,
3263 3368 3388 3423 talis
3419 3367 3625 3437 opinio.

2046 3458 2201 3515 Unde
2257 3474 2356 3514 nec
2406 3476 2572 3530 super
2625 3462 2727 3516 Imc
2771 3462 2822 3515 in
2879 3462 3130 3531 pra-senti
3181 3459 3337 3516 nobis
3370 3459 3513 3515 ullus
3542 3468 3630 3515 est

2045 3565 2250 3614 sermo,
2287 3568 2408 3607 cum
2451 3552 2708 3608 videlicet
2758 3552 3050 3609 universali
3103 3552 3175 3606 sit
3224 3552 3354 3606 olim
3394 3551 3628 3623 inquisi-

2046 3643 2194 3697 tione
2228 3644 2531 3712 projectum
2586 3645 2699 3714 (I9)
2743 3653 2905 3714 atque
2947 3644 3263 3712 repulsum:
3316 3653 3372 3699 et
3413 3659 3517 3698 non
3571 3643 3627 3697 in

2046 3732 2151 3788 boc
2200 3734 2509 3801 obediatur,
2558 3750 2734 3805 neque
2768 3735 3093 3789 discutiatur
3119 3744 3341 3803 propter
3375 3749 3491 3801 eos,
3528 3750 3629 3804 pro

2044 3825 2244 3896 quibus
2274 3827 2388 3879 haec
2419 3826 2575 3880 nobis
2619 3827 2894 3894 proposita
2941 3835 3086 3879 sunt.
3128 3824 3299 3879 Porro
3327 3840 3478 3894 purse
3507 3825 3624 3879 voci

2044 3932 2165 3987 qua:
2185 3916 2621 3973 estPeriarcIion
2646 3916 2885 3982 detrahi,
2916 3931 3260 3986 nequaquam
3291 3932 3319 3969 a
3350 3930 3623 3984 quoquam

2046 4023 2223 4078 usque
2260 4023 2403 4063 nunc
2433 4008 2656 4076 audisti,
2692 4023 2726 4063 ο
2756 4020 2883 4062 acer
2919 4007 3181 4062 advocate
3210 4003 3461 4075 Origenis
3495 4020 3624 4075 pra-

2045 4103 2293 4159 vitatum.

2042 4238 2419 4296 EIUSDEM.
2459 4237 2545 4294 Ea:
2570 4255 2814 4294 sermone
2854 4241 2909 4293 in
2941 4238 3212 4293 mulierem
3258 4254 3376 4307 qua
3415 4238 3622 4307 ﬂuxum

2232 4312 2513 4381 sanguinis
2536 4327 2695 4381 passa
2724 4322 2798 4365 est
2830 4330 2843 4364 :
2872 4309 3027 4379 cujus
3054 4311 3265 4363 initium
3299 4319 3398 4363 est.

2112 4422 2266 4488 Quod
2312 4421 2465 4491 prior
2511 4420 2731 4490 quidem
2792 4419 2962 4476 fuerit
3025 4418 3335 4474 Judatorum
3382 4418 3619 4483 vocatio,

1966 4496 2014 4555 ί)
2044 4513 2332 4584 Scriptura
2367 4513 2571 4570 docuit.
2606 4513 2675 4566 Et
2709 4524 2825 4578 post
2858 4514 2969 4567 alia
2992 4525 3013 4566 :

2117 4605 2241 4659 Ha‘c
2268 4604 2496 4659 salutari
2521 4602 2734 4657 fitnbria
2762 4603 3154 4672 comprehensa
3188 4601 3404 4657 diccbat
3429 4602 3627 4658 mulier

2043 4710 2165 4765 qua:
2202 4694 2406 4749 fluxum
2460 4693 2743 4762 sanguinis
2786 4692 3132 4763 patiebatur,
3179 4701 3239 4745 ut
3282 4707 3463 4763 regem
3527 4709 3626 4747 na-
3682 4708 3683 4711 ‘

2046 4796 2181 4841 tura:
2236 4796 2430 4841 tenens
2478 4785 2788 4848 Dominum,
2851 4793 2907 4838 et
2961 4784 3231 4852 passionis
3280 4785 3622 4855 tyrannidem
3681 4774 3686 4787 ’

2045 4882 2319 4937 edocens:
2344 4888 2710 4949 perceptoque
2734 4876 2899 4941 dono,
2929 4886 3166 4930 statuam
3184 4878 3363 4932 erexit
3383 4878 3621 4931 Christo.

2045 4972 2106 5027 Et
2144 4970 2364 5040 quidem
2416 4968 2635 5023 divitias
2685 4968 2738 5021 in
2803 4967 3047 5021 medicos
3110 4968 3467 5037 expenderat,
3528 4969 3624 5023 sed

2043 5062 2357 5119 divitiarum
2392 5061 2609 5117 residua
2643 5058 2841 5114 obtulit
2873 5058 3114 5113 Christo.

1948 5169 1957 5177 θ
2044 5196 2412 5255 EJUSDEH.
2446 5198 2530 5253 Ea:
2558 5195 3003 5267 disputationibus
3026 5195 3278 5250 adversus
3322 5193 3626 5263 Origcuem.

2114 5312 2376 5369 Diabolus
2413 5315 2581 5380 enim,
2625 5314 2863 5384 ejusdem
2899 5328 3021 5369 cum
3058 5309 3269 5380 angelis
3301 5308 3491 5379 gloriae
3524 5308 3629 5362 im-

2049 5402 2297 5458 mortalis
2320 5404 2618 5476 particeps,
2646 5403 2966 5474 dignitatem
2997 5415 3151 5459 suam
3183 5414 3247 5457 ac
3280 5398 3454 5455 locum
3483 5396 3627 5452 haud

2116 5582 2228 5653 (I9)
2255 5581 2349 5637 Gr.
2393 5583 2731 5651 inquisitioni
2765 5581 3093 5648 subjectum.

2114 5652 2386 5724 (libans.
2424 5670 2751 5724 canc._igeu.,
2786 5666 2823 5708 ι.
2863 5655 2969 5720 VII,
3000 5672 3052 5719 ιι.
3087 5652 3217 5709 208.

2116 5718 2193 5795 (ἰ)
2226 5726 2356 5781 Asc.
2389 5723 2520 5791 ΜΑΙ,
2564 5718 2679 5779 γὲι.
2719 5722 2872 5780 Patr.
2914 5718 3172 5781 Biblioth.
3201 5721 3312 5792 VII,
3342 5718 3469 5777 ι208.
