4086 6408
499 292 606 356 795

1219 283 1636 346 ANTIPATRI
1676 278 2143 341 BOSTRENSIS
2177 277 2516 338 EPISCOPI
2560 277 3052 339 FRAGMENTA.

3600 277 3734 345 1796

467 401 809 460 conservavit
853 419 870 469 ;
919 409 971 456 et
1019 399 1264 468 deiectus
1314 400 1380 454 dc
1426 414 1549 464 sua,
1607 406 1658 451 ct
1708 396 1964 451 cxcidens
2016 410 2046 451 e

2157 397 2244 449 καὶ
2278 394 2453 462 τάξιν,
2489 395 2588 464 τῆς
2635 393 2772 457 ιδίας
2809 392 3163 464 ἀποϐληθεὶς,
3197 395 3290 447 καὶ
3320 393 3422 463 τῆς
3460 392 3551 448 τοῦ
3601 395 3734 448 Θεοῦ

467 499 646 552 divina
683 495 879 565 gloria,
917 494 1114 547 mansit
1149 493 1364 560 quidem
1394 491 1539 561 quod
1573 499 1714 553 erat,
1750 490 2045 543 secundum

469 578 720 640 naturam
757 581 1106 647 immortalis,
1141 597 1241 635 nec
1269 581 1476 643 amisit,
1525 579 1620 632 sed
1653 579 1876 632 retinuit
1901 588 2050 647 pote-

471 687 662 731 statem
690 687 849 743 quam
884 673 950 726 ab
985 672 1160 736 initio,
1199 671 1372 738 ipsius
1398 677 1608 724 natura:
1640 670 2045 733 convenienter,

469 781 497 819 a
533 764 643 818 Deo
672 772 981 831 acceperat,
1015 760 1308 830 impeditur
1363 768 1542 813 autem
1589 773 1731 813 nunc
1757 758 2049 828 quominus

470 861 569 912 hac
605 865 872 926 potestate
927 862 1112 907 utatur
1161 863 1216 907 et
1254 852 1389 905 iram
1441 866 1601 920 quam
1646 861 1832 904 contra
1881 861 2052 918 genus

471 951 771 1002 humanum
808 943 1080 1011 concepit,
1108 943 1161 996 in
1206 942 1499 1010 perniciem
1542 949 1782 992 nostram
1813 938 2048 1007 expleat,

481 1039 746 1107 siquidem
778 1037 919 1091 Deus
947 1037 1102 1089 nobis
1135 1035 1395 1104 prospicit
1436 1034 1502 1087 ab
1557 1032 1812 1100 illiusque
1847 1030 2050 1084 malitia

471 1145 569 1185 nos
599 1128 860 1194 defendit,
885 1127 1176 1180 dummodo
1202 1123 1319 1193 ejus
1347 1124 1510 1178 tutela
1534 1123 1677 1192 digni
1697 1122 2048 1176 exsistatnus.

471 1224 603 1280 Cum
629 1231 810 1276 autem
843 1236 942 1290 per
974 1219 1279 1274 socordiam
1302 1220 1502 1287 reperti
1541 1217 1808 1271 fuerimus
1845 1214 2051 1284 indigni

471 1312 587 1380 ejus
633 1312 858 1375 auxilio,
897 1311 998 1364 iste
1043 1311 1366 1378 pravitatem
1419 1323 1572 1362 suam
1632 1322 1695 1359 ac
1755 1304 2050 1374 potentiam

471 1406 728 1458 adversus
759 1417 857 1458 nos
896 1403 1120 1467 exserit,
1154 1403 1244 1457 ubi
1291 1401 1574 1462 nimirum,
1617 1411 1850 1466 prorsus
1886 1395 2052 1449 desti-

472 1494 570 1547 tuti
602 1494 758 1548 bonis
792 1494 1068 1561 operibus,
1105 1511 1133 1544 a
1171 1491 1355 1544 divina
1402 1489 1740 1558 prOVidentia
1805 1501 1903 1541 nos
1959 1486 2055 1539 ab-

471 1585 910 1638 alienaverimus.
950 1583 1047 1638 Ubi
1073 1598 1200 1637 vero
1225 1583 1373 1651 digni
1397 1597 1586 1636 sumus
1611 1580 1702 1649 qui
1722 1578 1839 1648 ejus
1872 1586 2055 1647 patro-

2150 487 2309 557 δόξης
2362 485 2679 551 ἀποπεσὼν,
2730 485 2948 554 ἔμεινεν
2985 485 3106 554 μὲν,
3147 486 3286 557 ὅπερ
3319 482 3388 556 ἦν
3418 486 3514 557 τὴν
3551 489 3734 554 φύσιν,

2151 580 2443 641 ἀθάνατος,
2480 577 2576 631 καὶ
2605 576 2706 648 τὴν
2742 577 2969 647 δύναμιν
3004 576 3288 641 ὡσαύτως,
3331 579 3427 631 καὶ
3460 577 3614 631 οὐδὲν
3650 574 3735 650 ἦτ-

2150 688 2239 722 τον
2292 665 2476 741 ἧσπερ
2529 669 2589 732 ἐξ
2622 669 2800 740 ἀρχῆς
2831 671 2888 722 ὲν
2918 672 2983 739 τῇ
3025 668 3188 736 φύσει
3227 669 3420 740 εἴληφε
3455 669 3607 740 παρά
3643 669 3738 722 τοῦ

2149 762 2287 816 Θεοῦ
2313 779 2327 794 ο
2353 761 2696 831 κωλυόμενος
2730 761 2787 814 δὲ
2824 761 2920 815 νῦν
2952 761 3056 814 ὑπὸ
3085 762 3224 814 Θεοῦ
3253 762 3353 831 τῆς
3395 762 3570 832 ῥοπῆς
3597 761 3738 830 χρή·

2153 854 2350 910 σασθαι
2376 853 2604 924 ταύτης,
2635 852 2731 906 καὶ
2757 852 2858 922 τήν
2887 853 3010 907 καθ’
3050 852 3211 924 ήμῶν
3247 853 3556 923 πληρῶσαι,
3585 852 3652 922 ἢν
3675 853 3739 904 ὲκ

2149 947 2247 1000 τοῦ
2281 947 2479 1016 φθόνου
2530 947 2800 1014 ἐκτήσατο
2827 944 2968 997 κατά
2998 945 3092 997 τοῦ
3139 944 3332 1012 γένους
3374 942 3567 1014 ὀργὴν,
3604 959 3741 1014 προσ

2153 1039 2464 1108 νοουμένων
2493 1039 2586 1090 καὶ
2608 1036 3032 1105 φυλαττομένων
3060 1035 3221 1106 ἡμῶν
3252 1035 3358 1088 ὑπὸ
3385 1034 3480 1087 τοῦ
3505 1033 3640 1087 Θεοῦ
3677 1035 3742 1086 ὲκ

2152 1133 2252 1202 τῆς
2283 1130 2492 1185 ἐκείνου
2523 1129 2814 1199 πονηρίας,
2851 1129 2956 1191 ἕως
2987 1128 3054 1182 ἂν
3088 1129 3234 1195 ἄξιοι
3263 1128 3362 1197 τῆς
3397 1126 3609 1180 ἐκείνου
3643 1143 3742 1195 κή-

2152 1221 2407 1292 δεμονίας
2450 1221 2814 1292 ὑπάρχωμεν.
2841 1221 2903 1273 Ei
2942 1220 2998 1273 δὲ
3047 1219 3622 1291 καταρᾳθυμήσαντες
3646 1217 3745 1270 ἀν-

2153 1310 2292 1376 άξιοι
2314 1311 2631 1382 εὐρεθῶμεν
2649 1311 2745 1381 τῆς
2769 1309 2933 1362 αὐτοῦ
2954 1308 3230 1380 βοηθείας,
3245 1308 3306 1361 τὸ
3320 1307 3622 1378 τηνικαῦτα
3647 1304 3744 1376 τὴν

2154 1401 2322 1455 αὐτοῦ
2355 1401 2625 1472 πονηρίαν
2658 1403 2754 1456 καὶ
2787 1401 3019 1472 δύναμιν
3062 1400 3185 1453 καθ’
3220 1399 3380 1471 ήμῶν
3428 1397 3743 1452 ἐπιδείκνυ-

2152 1509 2267 1557 ται,
2296 1493 2375 1545 ὅτ’
2406 1492 2472 1545 ἂν
2503 1491 2786 1555 παντελῶς
2821 1493 3068 1562 ἐρήμους
3102 1490 3161 1557 ἐξ
3189 1491 3370 1561 ἔργων
3398 1488 3619 1558 ἀγαθῶν
3651 1505 3746 1556 γε-

2153 1584 2382 1652 γονότας
2410 1585 2640 1647 ἑαυτοὺς
2677 1584 2994 1654 ἀλλοτρίους
3033 1583 3132 1652 τῆς
3165 1583 3259 1636 τοῦ
3305 1581 3445 1635 Θεοῦ
3488 1581 3747 1652 προνοίας

470 1675 670 1729 ciuium
698 1675 1101 1737 nanciscamur,
1126 1673 1274 1726 nullo
1302 1673 1461 1727 modo
1489 1680 1680 1727 contra
1718 1684 1816 1724 nos
1839 1667 2053 1723 diabolo

2157 1678 2618 1747 καταστήσωμεν.
2649 1678 2795 1740 Ἕως
2847 1676 2894 1729 δ’
2926 1676 2993 1729 ἂν
3022 1674 3162 1739 ἄξιοι
3209 1670 3359 1746 ὦμεν
3409 1673 3747 1730 οἰκειοῦσθαι

471 1767 719 1834 progredi
757 1765 1113 1835 permittitur,
1153 1765 1298 1834 quod
1341 1773 1617 1818 testantur
1640 1760 2048 1818 Gadarenorum

2157 1773 2223 1842 τῇ
2279 1743 2410 1842 παρζ
2461 1743 2626 1824 αῦτοῦ
2683 1768 2991 1840 ἀντιλήψει,
3049 1743 3305 1838 οὖδαμιῖίς
3360 1770 3562 1839 χωρεῖν
3619 1763 3747 1819 καθ’

472 1856 644 1925 porci,
681 1857 942 1910 adversus
967 1870 1104 1924 quos
1139 1853 1524 1925 (dmmonibus)
1568 1861 1815 1922 potestas
1842 1849 2052 1920 injuriae

2159 1862 2318 1933 ήμῶν
2344 1864 2733 1934 συγχωρεῖται.
2763 1863 2873 1916 Καὶ
2915 1859 3290 1932 μαρτυροῦσιν
3316 1862 3365 1912 oi
3409 1861 3466 1913 ὲν
3497 1857 3750 1928 Γαδίροις

472 1963 746 2015 nunquam
789 1957 908 2002 erat
938 1961 1222 2013 concessa,
1252 1960 1412 2015 quam
1448 1953 1628 1999 autem
1673 1953 1800 1997 tunc
1830 1954 2052 2010 accepe-

2159 1958 2334 2026 χοῖροι
2363 1955 2440 2018 ὡς
2489 1953 2610 2007 οὐδὲ
2660 1954 2783 2008 κατ’
2822 1953 3004 2008 αὐτῶν
3056 1951 3510 2024 συγχωρηθέντες
3563 1951 3749 2021 χώραν

473 2049 618 2102 runt,
641 2039 712 2094 ob
741 2039 939 2094 multas
973 2040 1260 2108 variasque
1287 2036 1605 2092 mconomia:
1645 2035 1884 2089 rationes
1913 2044 2050 2103 quas

2157 2044 2375 2107 ἀδικίας
2424 2043 2745 2114 ἐκέκτηντο,
2778 2042 2955 2112 ἤνπερ
2998 2041 3191 2095 ἔλαϐον
3235 2040 3377 2105 τότε,
3417 2038 3507 2092 διὰ
3548 2038 3749 2102 πολλὰς

473 2147 761 2188 recensere
793 2147 898 2187 non
927 2143 1011 2188 est
1041 2131 1200 2199 hujus
1237 2129 1520 2201 temporis.

2157 2135 2258 2189 καὶ
2290 2134 2583 2205 διαφόρους
2613 2133 2952 2218 οίκονομίας,
2980 2133 3046 2197 ἀς
3091 2133 3154 2187 οὐ
3190 2132 3380 2202 καιρὸς
3412 2129 3745 2200 καταλέγειν

2157 2227 2253 2280 ἐπὶ
2280 2227 2376 2280 τοῦ
2405 2227 2692 2300 παρόντος.

556 2509 768 2584 Longe
805 2505 984 2583 plura
1021 2512 1083 2564 et
1113 2502 1423 2580 ampliora
1463 2502 1530 2555 ὲκ
1574 2501 1675 2584 τῆς
1698 2500 2010 2584 ματᾴ-τῷν
2045 2499 2054 2570 ι

2157 2495 2408 2568 ςφημιῶν
2449 2495 2780 2584 Ὦριγένους.
2811 2512 3204 2584 πραγματειας
3235 2495 3456 2584 ,κεφαλ.
3506 2498 3588 2558 ιε’,

473 2573 751 2647 servavit
781 2573 1067 2645 Joannes
1120 2573 1548 2643 Dahascnrtus
1580 2580 1646 2640 in
1697 2579 2024 2640 Parallelis
2053 2581 2276 2650 sacris,
2304 2585 2456 2636 tom.
2511 2577 2592 2647 ll,
2627 2576 2938 2637 editionis
2973 2575 3393 2653 Lequiniante
3425 2590 3564 2652 pag.
3605 2573 3747 2649 7’47,

473 2663 771 2735 7615-772,
807 2678 967 2738 quas
1002 2660 1170 2740 typis
1203 2659 1658 2738 grandioribus
1692 2675 2032 2736 expressas
2095 2655 2394 2718 invenies
2429 2654 2701 2733 hujusce
2735 2654 3048 2733 Patrolog.
3086 2663 3240 2714 tom.
3287 2655 3505 2715 XCVI.

657 2822 737 2877 ΕΙ
751 2821 837 2878 US
851 2820 1026 2875 DEM.
1053 2820 1138 2874 Ea:
1158 2819 1530 2875 dissertatione
1563 2821 1616 2873 in
1646 2832 1873 2872 crucem.

549 3027 860 3083 Secundum
903 3027 1196 3080 humanam
1255 3023 1592 3080 voluntatem
1635 3039 1740 3095 qua
1777 3024 1919 3081 sicut
1965 3038 2066 3080 nos

2245 2817 2389 2870 ΤΟΥ
2422 2817 2664 2869 ΑΥΤΟΥ
2696 2814 2802 2885 (ὅ).
2831 2816 2935 2866 Ἕκ
2973 2813 3078 2935 τέῦ
3103 2814 3290 2882 λόγου
3326 2813 3431 2868 τοῦ
3457 2815 3544 2880 εἰς
3575 2816 3681 2868 τὸν

2814 2898 3006 2935 atavo
3047 2900 3104 2935 ν.

2814 2898 3104 2952 σταυρον.

2243 3016 2351 3071 Τοῦ
2389 3015 2499 3088 γὰρ
2530 3017 2872 3089 ἀνθρωπίνου
2908 3018 3010 3084 τῆς
3041 3018 3316 3087 ἡμετέρας
3349 3016 3565 3086 φύσεως
3593 3016 3754 3084 θελή-

478 3120 740 3189 pratditus
783 3130 906 3173 erat.
963 3117 1234 3183 Christus,
1285 3118 1426 3172 unde
1477 3117 1646 3172 dicit:
1685 3135 1705 3168 ι
1743 3117 1872 3172 Non
1919 3134 2054 3183 mea,

2167 3126 2339 3181 ματος
2369 3113 2427 3166 ὲν
2456 3108 2702 3181 Χριστῷ,
2723 3110 2855 3180 περὶ
2876 3103 2937 3164 οὗ
2974 3109 3233 3181 φησι,Μὴ
3256 3109 3319 3162 τὸ
3347 3111 3495 3179 ἐμὸν
3523 3108 3757 3178 θέλημα

479 3207 569 3260 sed
595 3217 685 3259 tua
711 3205 807 3273 ﬁat
833 3205 1096 3269 voluntas,
1133 3222 1153 3256 ι
1192 3213 1420 3259 mortem
1445 3203 1805 3270 detrectavit;
1837 3204 2058 3270 etenim,

478 3315 584 3366 qua
623 3300 758 3351 licus
787 3297 1033 3367 prmdixit
1054 3296 1274 3350 calicem
1304 3296 1476 3365 ipsum
1501 3295 2058 3364 essepraeteriturum.

483 3391 757 3444 Nimirum
790 3397 911 3458 post
948 3397 1056 3441 tres
1103 3387 1219 3441 dies
1252 3387 1576 3452 resurrexit,
1622 3396 1905 3457 postquam
1942 3402 2064 3441 caro

483 3498 603 3535 nem
674 3478 1087 3533 iimnortalitate
1133 3477 1431 3533 donaverat
1474 3487 1530 3533 et
1585 3477 1780 3534 mortis
1835 3479 2059 3535 calicem

481 3571 851 3641 confregerat.

557 3701 924 3759 EIUSDEM.
954 3703 1040 3759 Ex
1067 3713 1300 3759 tractatu
1329 3706 1580 3761 adversus
1606 3706 2010 3774 Apollinarium.

555 3908 655 3975 Qui
703 3907 868 3978 igitur
926 3923 1025 3976 pro
1082 3908 1240 3964 nobis
1291 3923 1485 3978 passus
1534 3917 1642 3974 est,
1695 3924 1800 3964 non
1853 3919 2063 3964 tantum

484 4010 766 4069 peccatmn
802 4015 906 4055 non
949 4000 1098 4064 fecit,
1136 4015 1334 4056 verum
1388 4002 1552 4056 etiam
1601 4002 1810 4072 peccati
1856 4002 2066 4056 radices

485 4089 727 4144 funditus
767 4091 982 4145 evulsit.
1015 4091 1194 4157 Quare
1247 4092 1389 4147 haud
1421 4093 1570 4146 velut
1620 4093 1728 4148 Deo
1763 4095 2065 4148 retractans

485 4183 636 4247 dicit,
691 4179 809 4236 Non
849 4199 962 4236 mea
1011 4184 1105 4251 ﬁat
1155 4185 1434 4249 voluntas;
1490 4186 1585 4240 sed
1618 4193 1677 4239 ut
1723 4185 1878 4240 nobis
1904 4185 2068 4240 ratio-

2165 3201 2453 3272 γενέσθω,
2476 3200 2636 3256 ἀλλὰ
2656 3201 2722 3254 τὸ
2752 3201 2890 3266 σὸν,
2923 3201 3052 3256 ἴδιον
3074 3199 3139 3272 ἦν
3169 3203 3202 3271 ή
3229 3201 3321 3254 τοῦ
3354 3200 3586 3255 θανάτου
3611 3219 3683 3254 πα
3695 3217 3756 3269 ρ-

2166 3295 2411 3364 αίτησις’
2444 3295 2763 3364 προεμήνυε
2788 3294 2896 3364 γὰρ
2919 3294 2993 3358 ὡς
3024 3295 3158 3358 Θεὸς
3182 3295 3265 3348 ὅτι
3295 3294 3630 3364 παρέρχεται
3661 3295 3759 3348 αὑ-

2166 3387 2258 3442 τὸν
2285 3386 2345 3440 τὸ
2377 3387 2662 3458 ποτήριον.
2711 3386 2938 3457 Ἀνέστη
2971 3376 3080 3457 γὰρ
3124 3387 3449 3458 τριήμερος,
3482 3386 3758 3456 ἁθανατή-

2170 3499 2269 3544 σας
2305 3485 2402 3552 τήν
2434 3482 2635 3553 σάρκα,
2674 3483 2770 3535 καὶ
2810 3481 3111 3552 συντρίψας
3142 3481 3204 3534 τὸ
3239 3480 3334 3534 τοῦ
3382 3480 3618 3536 θανάτου
3652 3497 3757 3534 πο-

2168 3575 2380 3644 τήριον.

2173 3707 2312 3763 ΤΟΥ
2361 3711 2612 3764 ΑΥΤΟΥ
2658 3709 2754 3778 (ί).
2804 3708 2915 3834 :lEx
2975 3710 3084 3831 ἰέοῦ
3131 3711 3319 3782 λόγου
3372 3710 3524 3764 κατὰ
3585 3711 3759 3765 Ἀπο-

2851 3797 2983 3834 ιναο
3012 3799 3106 3834 ov.

2851 3797 3106 3848 ιναριου.

2251 3913 2308 3967 '0
2337 3913 2468 3980 γοῦν
2499 3913 2642 3983 ὑπὲρ
2665 3914 2824 3984 ἡμῶν
2853 3913 3043 3968 παθὼν
3073 3894 3324 3985 οὐμόνον
3349 3916 3626 3986 ἁμαρτίαν
3655 3915 3759 3970 οῦκ

2169 4004 2445 4072 ἐποίησεν,
2477 4004 2614 4058 ἀλλὰ
2645 4007 2858 4067 καὶτὰς
2885 4006 3039 4076 ῥίζας
3063 4008 3163 4078 τῆς
3188 4007 3463 4079 ἁμαρτίας
3495 4011 3558 4061 ὲκ
3593 4007 3760 4078 θεμε-

2168 4097 2298 4149 λίων
2351 4095 2669 4165 ἀνέτρεψεν.
2708 4096 2919 4150 Οὐκοῦν
2965 4098 3066 4168 οὐχ
3098 4098 3173 4161 ὼς
3222 4099 3466 4162 ἐναντίος
3523 4098 3643 4168 Θεῷ
3677 4097 3760 4152 ὢν

2167 4189 2338 4257 λέγει,
2359 4187 2454 4257 Μὴ
2485 4187 2551 4242 τὸ
2573 4188 2722 4257 ἐμὸν
2755 4187 2985 4258 θέλημα
3011 4190 3298 4260 γενέσθω,
3319 4191 3436 4244 ἀλλ’
3463 4191 3759 4244 ὑποτυπώ-

485 4287 610 4327 nem
655 4273 909 4326 ostendat
958 4275 1230 4343 quomodo
1286 4275 1338 4329 in
1401 4275 1794 4330 tentationibus
1849 4273 2054 4343 precari

2170 4297 2283 4343 σεις
2312 4282 2446 4350 ἡμῖν
2489 4282 2748 4351 παρέχων
2775 4281 2895 4344 πῶς
2927 4283 2984 4334 ὲν
3012 4285 3124 4345 τοῖς
3147 4285 3482 4354 πειρασμοῖς
3518 4282 3760 4351 προσεύ-

483 4363 801 4419 debeamus.
863 4362 920 4419 Si
971 4379 1100 4419 vero
1157 4365 1523 4435 Apollinarius
1584 4375 1866 4434 propterea
1922 4366 2054 4433 quod

2167 4373 2361 4441 χεσθαι
2389 4371 2528 4442 Θεῷ.
2561 4373 2623 4425 Ei
2667 4372 2724 4425 δὲ
2753 4372 2841 4426 διὰ
2879 4371 2940 4424 τὸ
2985 4371 3189 4442 λέγειν,
3245 4374 3344 4441 Μὴ
3381 4374 3447 4428 τὸ
3483 4374 3632 4442 ἐμὸν
3661 4375 3762 4428 θέ-

483 4453 736 4510 Christus
772 4457 928 4524 dixit,
975 4455 1097 4511 Non
1140 4474 1251 4512 mea
1287 4458 1382 4528 ﬁat
1425 4459 1686 4522 voluntas,
1748 4455 2054 4512 rationabile

2169 4468 2332 4532 λημα
2363 4465 2646 4532 γενέσθω,
2681 4467 2902 4534 ἀναιρεῖ
2938 4465 3104 4519 αὐτοῦ
3135 4467 3196 4519 τὸ
3221 4468 3409 4537 νοερὸν
3447 4468 3544 4538 τῆς
3573 4467 3760 4538 ψυχῆς

482 4550 600 4619 ejus
640 4553 835 4607 animae
883 4553 1043 4620 tollit,
1090 4561 1164 4619 et,
1195 4561 1376 4607 mente
1409 4553 1550 4621 capti
1591 4551 1783 4613 instar,
1819 4549 2054 4605 inhuma-

2167 4557 2194 4609 ὁ
2238 4557 2612 4626 Ἀπολινάριος
2645 4557 2854 4628 ἄψυχον
2893 4558 3059 4611 αὐτοῦ
3091 4560 3186 4612 καὶ
3213 4560 3374 4614 ἄνουν
3401 4560 3430 4611 ό
3460 4560 3622 4624 ἄνους
3654 4577 3761 4630 κη-

486 4643 762 4698 nationem
793 4643 911 4713 ejus
956 4644 1074 4698 sine
1104 4643 1286 4700 anima
1333 4651 1389 4694 et
1420 4648 1602 4695 mente
1643 4640 1812 4696 fuisse
1843 4651 2054 4698 conten-

2169 4647 2380 4717 ρύττων
2427 4647 2526 4718 τὴν
2572 4648 2876 4717 σάρκωσιν,
2908 4650 3090 4720 πολλῷ
3116 4653 3303 4705 πλεῖον
3345 4651 3442 4704 τοῦ
3486 4650 3757 4720 φιλοζὼου

482 4732 584 4795 dit,
637 4730 806 4786 multo
861 4732 1034 4802 magis
1085 4747 1246 4800 quam
1300 4729 1446 4797 quod
1496 4731 1561 4783 de
1618 4729 1897 4785 voluntate
1944 4732 2054 4788 vita

2165 4737 2474 4808 θελήματος
2511 4738 2842 4809 ὲφύὸριστόν
2878 4742 2996 4794 ἐστι
3040 4741 3219 4810 λέγειν
3263 4743 3356 4796 τὸν
3387 4741 3626 4813 Χριστὸν
3654 4759 3757 4811 γε-

485 4834 705 4878 amante
736 4824 988 4891 habetur,
1025 4822 1474 4878 contumeliosum
1511 4823 1616 4877 erit
1658 4823 1860 4890 dicere,
1904 4826 2054 4881 Citri-

2164 4830 2392 4898 νόμενον
2414 4830 2660 4900 κατάραν
2681 4831 2775 4884 καὶ
2805 4832 3105 4902 ἁμαρτίαν,
3131 4834 3226 4888 καὶ
3257 4835 3624 4906 πειρασθέντα
3650 4836 3759 4888 ὑπὸ

484 4923 630 4968 stum
663 4915 868 4970 factum
903 4929 1024 4968 csse
1071 4913 1535 4970 abominationem
1578 4924 1633 4971 et
1675 4926 1976 4986 peccatum,
2012 4929 2054 4973 et

2162 4919 2258 4972 τοῦ
2297 4919 2514 4972 Σατανᾶ
2542 4922 2955 4992 τεσσαράκοντα
2978 4924 3216 4995 ἡμέρας,
3249 4927 3344 4979 καὶ
3373 4927 3620 4993 φυγόντα
3647 4926 3760 4978 ἀπὸ

488 5015 754 5061 tentatum
807 5021 836 5060 a
891 5005 1090 5059 Satana
1145 5019 1238 5074 per
1295 5006 1654 5078 quadraginta
1696 5009 1852 5073 dies,
1894 5019 1950 5064 et
1999 5012 2054 5066 at

2177 5011 2418 5082 Ἡρώδου
2451 5013 2508 5064 ἐν
2536 5013 2822 5084 Αἰγύπτῳ,
2853 5017 2949 5069 καὶ
2976 5017 3415 5088 ὑποταττόμενον
3449 5019 3652 5091 Ἰωσὴρ
3678 5019 3762 5088 τῷ

487 5095 700 5151 Herode
737 5096 940 5164 fugisse
981 5095 1034 5148 in
1077 5093 1394 5169 Egyptum,
1450 5108 1508 5154 et
1549 5099 1854 5170 subjectum
1901 5102 2054 5156 fuisse

2166 5104 2401 5170 τέκτονι,
2440 5103 2534 5156 καὶ
2560 5105 2945 5178 ἐνισχυόμενον
2967 5109 3073 5162 ὑπὸ
3104 5110 3339 5179 ἀγγέλου
3371 5111 3447 5176 ὡς
3477 5111 3762 5166 δειλιὼντα

485 5184 722 5254 Joscpho
768 5185 922 5239 fabro
950 5185 1204 5255 lignario,
1236 5199 1291 5243 et
1317 5191 1731 5248 corroboratum
1771 5192 1840 5249 ab
1875 5192 2054 5262 angclt

2167 5196 2259 5250 τὸν
2284 5195 2533 5249 θάνατον.

487 5277 668 5344 utqui
710 5287 938 5331 mortem
979 5279 1441 5338 reformidaverit.

559 5455 635 5524 (5)
670 5457 800 5512 ANG.
840 5456 962 5526 Mn,
989 5462 1088 5517 lor.
1125 5465 1242 5527 cit.,
1277 5479 1326 5532 p.
1357 5463 1464 5517 9.0L
2245 5466 2321 5535 (4)
2354 5468 2485 5523 Asc.
2527 5467 2651 5535 MAI,
2687 5469 2788 5526 loc.
2822 5473 2942 5540 cil.,
2980 5488 3031 5544 p.
3061 5472 3188 5530 204.
