4086 6414
400 354 533 422 1801

1859 361 2262 424 APOLOGIA.

3552 376 3571 439 l
3583 375 3690 444 802

469 469 780 539 Διλμάτιος
800 468 1169 542 πρεσϐύτερος
1190 469 1231 501 θ’
1254 470 1351 525 καὶ
1378 470 1837 542 ἀρχιμανδρίτης,
1860 472 1974 524 Πα-

2157 473 2459 530 Dalmatius
2510 478 2798 550 presbyter
2827 488 2882 535 et
2909 482 3362 550 archimandrita,
3412 500 3689 541 monaste-

395 560 502 631 τηρ
536 561 943 631 μοναστηρίων,
983 562 1389 633 ὑπερεύχεσθαί
1424 580 1525 632 μου
1559 562 1867 633 παρακαλῶ
1890 563 1988 633 τὴν

397 653 674 723 ὑμετέραν
706 653 1038 724 ἁγιωσύνην,
1064 648 1109 707 ὦ
1139 653 1260 708 θεία
1299 654 1395 707 καὶ
1427 655 1548 725 ἱερά
1575 654 1910 716 συνέλευσις.

782 882 1181 937 ΔΑΛΜΑΤΙΟΥ
1219 884 1585 938 ΑΠυΛΟΓΙΑ.

440 982 461 998 ἱ
477 1004 733 1075 Ἀνῆλθεν
758 1004 844 1074 ἐφ’
870 1005 1077 1076 ὑψηλοῦ
1100 1007 1128 1059 6
1154 1007 1309 1075 ἆγιος
1330 1007 1658 1078 Δαλμάτιος,
1688 1011 1785 1063 καὶ
1809 1007 1986 1065 εἶπεν·

396 1092 461 1149 Εί
503 1097 688 1151 Θέλετε
736 1096 988 1162 ἀκοῦσαι,
1024 1099 1357 1169 ἡσυχάσατε,
1394 1102 1494 1154 καὶ
1531 1101 1860 1171 μανθάνετε,
1895 1105 1990 1157 καὶ

400 1189 475 1261 μὴ
528 1189 792 1261 θελήσητε
838 1190 1129 1260 ἐμποδίσαι
1175 1194 1289 1256 τοῖς
1316 1193 1654 1264 λεγομένοις,
1682 1195 1819 1249 ἀλλὰ
1883 1214 1989 1267 μα-

399 1280 809 1351 κροθυμήσατε,
853 1283 941 1336 ἵνα
995 1283 1064 1335 τά
1121 1284 1344 1355 ῥήματα
1392 1285 1640 1357 ἀκριϐῶς
1688 1287 1985 1360 ἀκούσητε.

399 1373 512 1442 Τὴν
542 1373 836 1441 ἐπιστολὴν
871 1365 972 1438 τὴν
1023 1372 1120 1426 νῦν
1153 1375 1595 1443 ἀναγνωσθεῖσαν
1636 1382 1705 1450 τῇ
1738 1379 1986 1451 ὑμετέρᾳ

396 1463 684 1535 εὐσεϐείᾳ,
745 1466 775 1518 6
832 1464 1224 1531 εὐσεϐέστατος
1282 1467 1536 1538 βασιλεὺς
1593 1472 1828 1540 ἀνέγνω,
1890 1475 1986 1526 καὶ

397 1553 647 1623 ἐπείσθη.
703 1550 927 1626 Ἐπειδὴ
969 1557 1120 1626 ἥμην
1155 1556 1267 1625 ἐγὼ
1327 1559 1569 1630 εἰρηκὼς
1613 1561 1693 1632 τῷ
1751 1562 1984 1633 βασιλεῖ,

397 1644 485 1696 ὅτε
521 1640 651 1716 ἦλθε
703 1647 842 1716 πρός
871 1658 961 1713 με,
997 1648 1079 1701 ὅτι
1111 1647 1312 1717 ῶφειλε
1353 1652 1562 1722 γράψαι
1594 1657 1659 1725 τῇ
1697 1656 1831 1727 ἁγίᾳ
1862 1674 1986 1711 συν-

2096 564 2301 618 riorum
2352 565 2544 633 Pater,
2601 570 2779 624 divina
2843 583 3142 644 sanctaque
3193 576 3570 646 congregatio,
3614 578 3689 634 ἰιι

2094 670 2218 713 ores
2252 673 2348 726 pro
2382 674 2488 727 me,
2520 669 2572 715 te
2601 661 2850 719 obsecro.

2022 796 2094 809 ψ..

2525 888 2867 945 APOLOGIA
2914 890 3260 948 DALMATII.

2167 1001 2401 1057 Sanctus
2429 1001 2612 1070 itaque
2645 1001 2969 1068 Dalmatius,
3014 1005 3104 1057 ubi
3135 1004 3188 1058 in
3234 1016 3547 1076 suggestum
3591 1024 3684 1064 as-

2097 1099 2395 1162 cendisset,
2428 1095 2563 1150 dixit
2591 1111 2606 1150 :
2653 1094 2709 1149 Si
2748 1095 2914 1151 vultis
2946 1097 3156 1162 audire,
3194 1100 3361 1167 quieti
3392 1101 3598 1168 adeste,
3631 1114 3686 1157 et

2097 1188 2290 1243 discite
2315 1206 2330 1243 :
2364 1199 2541 1256 neque
2571 1186 2658 1241 his
2685 1201 2806 1256 qua:
2836 1187 3108 1253 dicentur,
3135 1188 3455 1260 obstrepere
3482 1192 3680 1257 velitis.

2095 1276 2301 1333 Adeste
2332 1285 2512 1331 autem
2548 1277 2777 1346 patienti
2821 1279 3027 1342 animo,
3058 1288 3114 1334 ut
3144 1281 3310 1334 verba
3342 1291 3532 1337 exacte
3562 1298 3688 1352 per-

2096 1370 2277 1438 cipere
2309 1368 2556 1424 valeatis.
2593 1369 2766 1436 Quam
2800 1385 2944 1425 nunc
2976 1371 3152 1439 pietas
3187 1382 3367 1427 vestra
3400 1374 3683 1443 epistolam

2092 1459 2322 1523 audivit,
2357 1474 2479 1515 eam
2527 1461 2806 1530 piissimus
2859 1462 3160 1531 imperator
3201 1478 3418 1533 quoque
3450 1466 3599 1536 legit,
3630 1475 3688 1522 et

2062 1566 2384 1620 .persuasus
2419 1561 2525 1609 est.
2563 1551 2697 1605 Nam
2727 1567 2849 1620 ego,
2879 1568 3000 1608 cum
3034 1555 3098 1607 ad
3131 1569 3217 1609 me
3250 1557 3509 1621 venisset,
3540 1558 3685 1612 dixe-

2095 1657 2209 1697 ram
2247 1641 2585 1713 imperatori,
2611 1658 2737 1697 eum
2763 1644 2829 1698 ad
2858 1651 3102 1698 sanctam
3135 1647 3399 1715 synodum
3431 1647 3684 1705 debuisse

397 1738 524 1809 όδῳ,
559 1738 596 1793 ἀ
626 1740 822 1810 ἐλέχθη
858 1739 1029 1811 αὐτῷ,
1063 1742 1159 1794 καὶ
1188 1742 1288 1795 οὑκ
1317 1743 1411 1775 ⁹·¹⁰
1448 1746 1691 1815 ἐγράφη.
1735 1748 1989 1817 Ἔπεμψε

2094 1736 2336 1791 scribere
2388 1750 2510 1805 qua:
2570 1746 2819 1806 suggesta
2868 1737 3085 1805 quidem
3129 1738 3229 1807 ipsi
3279 1738 3521 1807 fuerunt,
3570 1755 3681 1795 non

395 1831 454 1884 δὲ
483 1832 619 1903 πρός
653 1849 743 1903 με,
776 1833 872 1885 καὶ
901 1832 1245 1905 ἀνεγνώσθη.
1271 1836 1384 1889 Καὶ
1415 1837 1499 1891 ἵνα
1534 1839 1610 1910 μὴ
1636 1838 1866 1911 λυπήσω
1888 1843 1987 1894 αὑ-

397 1924 512 1984 τὸν,
546 1925 615 1978 τὰ
644 1924 916 1978 ἀκόλουθα
947 1927 1309 1997 προέπεμψεν
1344 1929 1412 1992 ¹¹,
1441 1929 1478 1984 ἃ
1521 1932 1572 1984 οἱ
1616 1931 1991 2006 ἀποφέροντες

394 2018 501 2071 οὑκ
521 2015 755 2082 ἔδειξαν,
783 2017 921 2071 ἀλλά
944 2018 1066 2073 ἀντὶ
1090 2018 1275 2091 αὑτῶν
1305 2019 1442 2074 ἄλλα
1475 2020 1768 2087 ὑπέδειξαν
1802 2023 1990 2093 γράμ-

400 2125 568 2178 ματα.
606 2108 690 2160 Td:
727 2109 1009 2180 πρέποντα
1039 2106 1135 2164 οὖν
1166 2111 1263 2165 καὶ
1318 2112 1386 2166 τὰ
1436 2114 1711 2167 ἀκόλουθα
1754 2114 1995 2187 ἐλάλησα

396 2198 568 2271 αὐτῷ,
600 2200 635 2254 ἃ
669 2201 768 2255 οὐκ
814 2201 991 2267 ἔξεστι
1040 2203 1138 2257 νῦν
1180 2205 1357 2259 εἰπεῖν
1417 2206 1512 2259 ἐπὶ
1573 2208 1673 2278 τῆς
1717 2208 1991 2281 ὑμετέρας

396 2291 706 2357 εὐλαϐείας.
740 2293 835 2363 Μὴ
859 2295 969 2367 γὰρ
997 2296 1280 2368 νομίσητε,
1319 2298 1403 2351 ὅτι
1456 2299 1896 2372 ὑπεραιρόμενός
1946 2303 1990 2333 ¹¹

394 2385 480 2449 τίς
514 2387 654 2455 ειμι,
687 2387 718 2457 ἢ
750 2387 1111 2458 καυχώμενος
1141 2406 1157 2421 ο
1191 2391 1475 2461 συντρίψει
1507 2391 1618 2463 γὰρ
1645 2394 1675 2447 6
1705 2393 1839 2457 Θεὸς
1860 2394 1994 2447 ὀστᾶ

396 2476 713 2546 ὑποκριτῶν
760 2478 824 2531 ¹³.
874 2478 933 2531 '0
968 2480 1247 2551 Δεσπότης
1295 2481 1405 2553 γὰρ
1452 2482 1632 2536 πάντα
1682 2482 1993 2549 ἀκολούθως

395 2570 600 2637 ἤκουσε
631 2568 698 2621 τὰ
724 2569 1096 2641 γεγενημένα,
1136 2573 1231 2624 καὶ
1263 2574 1436 2645 ἐχάρη
1472 2572 1612 2644 μετά
1637 2574 1993 2644 εὐχαριστίας

394 2661 495 2728 τῆς
527 2659 663 2730 πρὸς
714 2660 870 2727 Θεὸν,
920 2663 1018 2715 καὶ
1075 2663 1428 2736 συνεφώνησε
1470 2668 1585 2730 τοῖς
1636 2667 1847 2737 ῥήμασι
1891 2669 1995 2739 τῆς

395 2750 726 2815 ἀκολουθίας
760 2753 861 2822 τῆς
909 2753 1069 2820 ἁγίας
1105 2753 1356 2820 συνόδου,
1388 2754 1464 2818 ὠς
1490 2755 1699 2826 πρέπει
1719 2758 1788 2830 τῇ
1826 2755 1991 2810 αὑτοῦ

399 2842 668 2916 βασιλείᾳ,
695 2845 756 2896 οὐ
785 2846 896 2907 τοῖς
921 2846 1075 2915 ἐμοῖς
1100 2847 1339 2916 ῥήμασιν
1362 2845 1825 2919 ἐξακολουθήσας,
1858 2847 1993 2903 ἀλλά

396 2937 465 3005 τῇ
525 2935 707 2988 πίστει
748 2936 857 2990 τῶν
890 2937 1141 2990 πάππων
1163 2937 1331 2991 αὑτοῦ
1373 2939 1468 2992 καὶ
1499 2940 1776 3011 πατέρων.
1815 2941 1991 3012 Πλὴν,

372 3023 586 3089 ,καθὼς
617 3024 877 3096 ἔπρεπεν,
906 3027 1143 3093 ἐδέξατο,
1183 3028 1278 3082 καὶ
1322 3029 1554 3098 ἀνέγνω,
1591 3031 1689 3084 καὶ
1735 3031 1986 3103 ἐπείσθη,
2016 3082 2059 3139 c

400 3118 497 3173 καὶ
534 3118 690 3172 τοῦτο
712 3115 885 3185 εἶπεν,
911 3121 994 3173 ὅτι
1035 3121 1161 3173 Ἐἀν
1184 3119 1359 3186 οὕτως
1388 3122 1555 3185 ἐστὶν,
1579 3123 1736 3193 ἄφες,
1762 3124 1988 3181 ἔλθωσιν

397 3212 449 3263 οἱ
479 3212 918 3282 παραγενόμενοι
952 3212 1262 3267 ἐπίσκοποι.
1307 3214 1420 3267 Καὶ
1457 3209 1614 3269 εἷπον
1670 3217 1842 3288 αὐτῷ,
1903 3217 1987 3270 ὅτι

397 3304 590 3367 Οὐδεὶς
620 3305 804 3368 αὐτοῖς
838 3309 1117 3376 συγχωρεῖ
1143 3306 1238 3359 τοῦ
1262 3306 1437 3360 ἐλθεῖν
1463 3323 1478 3339 ο
1516 3308 1609 3361 καὶ
1633 3304 1790 3362 εἶπεν
1822 3325 1836 3339 ⁸
1881 3311 1989 3364 Οὑ-

394 3395 511 3460 δεὶς
540 3395 759 3451 κωλύει.
803 3395 945 3464 Ἐγὼ
974 3397 1030 3449 δὲ
1061 3391 1237 3459 εἶπον,
1289 3398 1372 3451 ὅτι
1426 3401 1833 3471 ἐκρατήθησαν,
1895 3402 1989 3459 καὶ

400 3483 751 3556 ἐκωλύθησαν
784 3485 878 3539 τοῦ
917 3483 1113 3544 ἐλθεῖν.
1146 3487 1258 3540 Καὶ
1294 3482 1453 3541 εἷπον
1490 3489 1675 3554 πάλιν,
1700 3492 1783 3545 ὅτι
1805 3493 1868 3544 ἐκ
1895 3492 1988 3544 τοῦ

401 3580 606 3650 μέρους
634 3580 849 3634 ἐκείνου
889 3579 985 3632 καὶ
1008 3578 1265 3651 ἔρχονται
1294 3580 1507 3645 πολλοὶ,
1540 3582 1635 3636 καὶ
1658 3582 1988 3653 ἀπέρχονται

398 3671 695 3735 ἀκωλύτως
731 3688 745 3702 ο
779 3672 848 3725 τὰ
877 3672 934 3727 δέ
968 3670 1123 3741 ποιρά
1157 3671 1257 3741 τῆς
1285 3671 1452 3740 ἁγίας
1481 3672 1704 3725 συνόδου
1749 3674 1989 3745 πραττό-

402 3781 546 3834 μενοι
583 3763 758 3825 οὐδεὶς
792 3751 1069 3833 συγχωρεί
1094 3762 1450 3833 ἀνενεχθῆναι
1480 3763 1573 3816 ἐντιλ⁵
1600 3763 1698 3835 τὴν
1718 3763 1989 3835 ὑμετέραν

404 3856 696 3909 εύλάϐειαν
728 3854 790 3907 ν’.
826 3855 923 3915 Εἰς
951 3854 1007 3911 δὲ
1052 3854 1115 3907 τὸ
1152 3854 1318 3925 μέρος
1361 3855 1423 3907 τὸ
1473 3855 1684 3926 ἕτερον,
1710 3854 1989 3908 τουτέστιν

401 3949 485 4012 εις
509 3947 572 4001 τὸ
619 3945 715 3999 τοῦ
753 3945 1047 4015 Κυρίλλου,
1083 3938 1240 3997 εἶπον
1279 3944 1432 4016 αὐτῷ
1490 3944 1570 4017 τῷ
1624 3946 1837 4016 βασιλεῖ
1892 3946 1989 4015 ἔμ-

400 4040 640 4113 προσθεν
680 4040 930 4093 πάντων
966 4039 1125 4101 Τίνος
1158 4037 1331 4101 θέλεις
1363 4038 1614 4107 ἀκοῦσαι,
1641 4039 1747 4093 τῶν
1767 4039 1989 4105 ἐξοικισ-

399 4132 587 4203 χιλίων
619 4130 841 4203 ἀριθμῷ
875 4130 1217 4195 ἐπισκόπων,
1258 4129 1291 4201 ἢ
1321 4131 1441 4194 ἐνὸς
1476 4129 1767 4202 ἀνθρώπου
1799 4131 1989 4187 δυσσε-

400 4223 580 4290 6οὖς;
628 4223 746 4276 Τῶν
800 4223 1182 4294 ἑξακισχιλίων
1226 4224 1268 4254 ⁸⁸
1341 4220 1532 4288 εἷπον,
1580 4225 1779 4287 οἵτινές
1857 4226 1993 4278 εἰσιν

401 4317 509 4369 ὑπὸ
549 4317 648 4388 τὴν
679 4317 932 4383 ἐξουσίαν
963 4319 1073 4372 τῶν
1102 4316 1522 4389 μητροπολιτῶν
1549 4316 1657 4370 τῶν
1677 4317 1851 4386 ἀγίων
1876 4319 1995 4371 ἐπι-

2095 1837 2274 1891 tamen
2302 1827 2460 1895 plene
2493 1828 2818 1899 perscripta.
2853 1827 2999 1883 Misit
3021 1838 3200 1884 autem
3232 1832 3296 1884 ad
3329 1845 3436 1895 me,
3468 1841 3521 1886 et
3547 1831 3682 1886 lecta

2093 1928 2239 1973 sunt.
2293 1917 2493 1972 Verum
2547 1934 2614 1975 ne
2641 1934 2750 1989 qua
2787 1919 2937 1973 illum
2970 1920 3189 1975 tristitia
3247 1919 3538 1985 efﬁcerem,
3567 1935 3689 1991 quae

2091 2013 2585 2080 consequebantur,
2640 2011 2925 2081 pranuisi;
2969 2027 3091 2082 quae
3135 2013 3344 2069 latores
3374 2029 3493 2068 uon-
3530 2012 3693 2069 exhi~

2090 2106 2279 2172 buere,
2308 2106 2403 2160 sed
2431 2104 2648 2159 illorum
2675 2104 2795 2160 loco
2841 2105 2977 2159 alias
3006 2107 3272 2176 quasdam
3321 2106 3530 2163 litteras
3560 2108 3687 2163 sub-

2091 2198 2473 2252 ostenderunt.
2505 2196 2689 2267 Itaque
2719 2197 3125 2265 convenientia,
3157 2211 3214 2254 et
3239 2201 3305 2253 ad
3340 2215 3453 2255 rem
3487 2214 3685 2270 oppor-

2094 2297 2219 2343 tuna
2247 2304 2371 2343 cum
2408 2303 2474 2344 eo
2508 2288 2724 2344 locutus
2750 2303 2893 2356 sum,
2942 2303 3063 2358 qua:
3108 2304 3254 2344 nunc
3284 2305 3470 2345 coram
3503 2300 3684 2346 vestra

2093 2380 2294 2450 pietate
2327 2388 2576 2451 repetere
2601 2394 2737 2451 opus
2763 2396 2868 2434 non
2902 2388 3006 2447 est,
3038 2396 3108 2436 ne
3133 2381 3329 2448 elatus,
3360 2389 3455 2436 aut
3481 2381 3686 2453 gloria-

2093 2472 2305 2530 bundus
2352 2488 2381 2527 a
2426 2474 2583 2529 vobis
2610 2473 2914 2528 existimer.
2953 2471 3210 2529 Conteret
3240 2473 3385 2529 enim
3435 2473 3577 2529 Deus
3606 2474 3687 2528 si-

2094 2565 2422 2622 mulatorum
2458 2579 2606 2621 ossa.
2641 2564 2944 2635 Imperator
2973 2566 3156 2619 omnia
3192 2580 3312 2634 quae
3364 2564 3508 2620 facta
3560 2581 3689 2620 nar.

2095 2658 2378 2723 rabantur,
2412 2658 2606 2714 ordine
2636 2658 2865 2724 audivit,
2918 2658 3303 2729 audiendoque
3329 2659 3547 2729 gavisus
3577 2669 3684 2725 est,

2094 2762 2150 2807 et
2185 2752 2296 2808 Deo
2341 2753 2550 2823 gratias
2580 2751 2733 2823 egit;
2771 2760 2825 2808 et
2868 2752 3200 2812 narrationis
3234 2767 3452 2824 quoque
3484 2754 3683 2808 seriem

2095 2854 2298 2900 sancta:
2320 2845 2532 2917 synodi,
2564 2845 2706 2901 sicut
2731 2845 2875 2900 illius
2898 2846 3236 2916 maiestatem
3262 2844 3512 2909 decebat,
3545 2860 3689 2899 com-

2094 2939 2365 3007 probavit,
2404 2953 2509 2992 non
2541 2937 2677 2992 meis
2705 2938 2922 3007 quidem
2953 2937 3133 2993 verbis
3171 2936 3237 2990 ad
3274 2936 3377 2991 hoc
3410 2936 3685 3002 inductus,

2093 3031 2189 3085 sed
2244 3041 2459 3100 patrum
2520 3040 2575 3085 et
2629 3045 2852 3084 avorum
2928 3043 3153 3086 suorum
3220 3028 3380 3083 [idem
3444 3038 3686 3084 secutus.

2094 3124 2309 3194 Scripta
2367 3124 2572 3194 itaque,
2626 3121 2686 3179 ut
2717 3137 2815 3193 par
2845 3132 2986 3189 erat,
3038 3122 3280 3190 suscepit
3324 3129 3381 3175 et
3427 3120 3576 3190 legit,
3625 3137 3691 3176 ac

2091 3226 2384 3281 persuasus
2437 3215 2554 3268 ait:
2600 3212 2657 3268 Si
2708 3228 2796 3269 res
2832 3213 2905 3267 ita
2933 3211 3122 3277 habet,
3180 3210 3299 3266 sine
3350 3219 3412 3265 ut
3454 3208 3685 3279 profecti

2091 3307 2331 3377 episcopi
2365 3307 2470 3362 huc
2499 3307 2742 3361 veniant.
2774 3304 2871 3360 Cui
2900 3319 2999 3376 ego
3028 3323 3042 3359 :
3073 3301 3245 3359 Nemo
3273 3318 3463 3358 eorum
3501 3301 3690 3363 venire

2090 3398 2332 3465 sinitur;
2370 3408 2424 3454 et
2452 3398 2578 3453 ille:
2628 3397 2798 3453 Nemo
2827 3397 3099 3469 prohibet.
3137 3396 3376 3451 Rursum
3412 3409 3554 3466 ego:
3587 3395 3690 3448 De-

2092 3491 2362 3553 tiuentur,
2401 3492 2646 3559 inquam,
2677 3500 2730 3545 et
2765 3490 3146 3558 prohibentur,
3177 3502 3243 3543 ne
3270 3487 3514 3543 veniant.
3551 3482 3691 3541 Sub-

2083 3581 2241 3660 luci:
2290 3580 2394 3646 Qui
2447 3596 2478 3635 e
2529 3581 2766 3635 Nestorii
2827 3582 3064 3636 factione
3120 3589 3268 3647 sunt,
3302 3594 3491 3635 eorum
3533 3580 3688 3633 multi

2088 3681 2221 3725 euut
2246 3679 2301 3726 et
2332 3673 2561 3726 redeunt
2587 3672 2796 3733 libere:
2841 3688 2962 3742 qua:
3010 3687 3140 3727 vero
3173 3686 3202 3725 a
3248 3681 3437 3726 sancta
3486 3673 3691 3741 synodo

2092 3772 2347 3832 aguntur,
2382 3777 2444 3817 ea
2474 3778 2638 3819 nemo
2668 3764 2735 3817 ad
2769 3771 3007 3817 vestram
3039 3764 3298 3833 pietatem
3332 3761 3526 3816 referri
3562 3777 3687 3829 per-

2091 3855 2279 3911 mittit.
2315 3855 2587 3911 Caeterum
2620 3870 2719 3926 pro
2750 3854 2918 3910 altera
2971 3865 3144 3923 parte,
3198 3851 3492 3923 Cyrilliana
3546 3854 3691 3907 scili-

2090 3954 2200 4014 cet,
2242 3963 2423 4002 corarn
2461 3948 2718 4002 omnibus
2749 3944 3069 4015 imperatori
3101 3944 3212 4000 dixi
3243 3961 3257 3998 :
3309 3943 3416 3999 Sex
3448 3943 3691 3998 milliane

2091 4038 2469 4109 episcoporum
2526 4038 2719 4092 audire
2776 4037 2977 4097 mavis.
3041 4051 3107 4089 an
3159 4050 3325 4089 unum
3386 4035 3692 4098 hominem,

2090 4141 2328 4197 cumque
2384 4128 2660 4198 impium?
2695 4128 2799 4183 Sex
2851 4127 3018 4181 millia
3072 4134 3253 4181 autem
3303 4139 3400 4181 eos
3451 4126 3691 4190 aiebant,
3782 4125 3795 4131 ’

2095 4219 2184 4287 qui
2211 4220 2315 4273 sub
2360 4220 2903 4290 metropolitanorum
2953 4217 3426 4274 sanctissimorum
3478 4219 3693 4288 episco-

2095 4327 2286 4381 porum
2348 4320 2618 4382 potestate
2666 4312 2890 4383 (legunt.
2949 4311 3101 4383 (Haec
3152 4319 3334 4365 autem
3388 4311 3573 4365 omnia
3623 4324 3690 4365 eo

394 4407 648 4461 ’σκόπων.
696 4408 871 4462 Τοῦτο
897 4405 991 4462 οὖν
1028 4410 1266 4478 ἐγένετο,
1298 4409 1391 4462 ἵνα
1424 4409 1675 4480 πεμφθῇ,
1700 4409 1797 4465 καὶ
1825 4410 1991 4464 ἔλθω-

2099 4405 2436 4473 spectabant,
2495 4412 2555 4458 ut
2605 4414 3022 4459 accerserentur
3068 4412 3122 4457 et
3171 4398 3440 4466 venirent,
3495 4401 3584 4471 qui
3625 4416 3685 4455 ea

404 4517 490 4553 σιν
538 4502 588 4554 οἱ
633 4501 949 4572 ἐρχόμενοι,
985 4504 1036 4554 οἱ
1068 4503 1165 4556 καὶ
1205 4501 1273 4555 τὰ
1307 4503 1674 4572 πεπραγμένα
1711 4503 1995 4565 ποιοῦντες

403 4592 616 4663 φανερά
654 4593 1012 4663 καταστῆναι.
1059 4594 1219 4663 Λέγω
1253 4594 1339 4666 δὴ,
1381 4596 1428 4648 oi
1460 4593 1750 4662 ἁγιώτατοι
1776 4595 1997 4648 ἐπίσκο-

403 4702 517 4751 ποι,
567 4686 614 4737 oi
659 4684 755 4737 νῦν
797 4683 1085 4754 ἐρχόμενοι
1119 4686 1271 4756 παρά
1295 4687 1396 4756 τῆς
1418 4686 1583 4754 ἁγίας
1610 4687 1851 4740 συνόδου.
1884 4686 1995 4740 Καὶ

404 4770 558 4829 εἷπον
591 4777 655 4839 η,
676 4777 759 4829 ὅτι
788 4775 985 4839 Καλῶς
1020 4776 1314 4847 ἐζήτησας.
1346 4779 1458 4832 Καὶ
1497 4777 1659 4831 πάλιν
1686 4777 1993 4851 προσέθηκε

410 4858 563 4940 ῥῆμα
593 4869 671 4934 ἐν,
699 4869 796 4922 καὶ
831 4865 986 4922 εἶπεν
1020 4885 1035 4900 ·
1073 4868 1313 4940 Εὑχεσθε
1345 4870 1487 4941 ὑπὲρ
1512 4872 1646 4942 ἐμοῦ
1682 4889 1697 4903 ·
1730 4873 1823 4925 καὶ
1854 4867 1991 4938 οἶδα,

408 4961 491 5014 ὅτι
517 4964 546 5014 ό
576 4960 829 5031 βασιλεὺς
856 4961 1254 5034 ἐξηκολούθησε
1288 4962 1489 5033 μᾶλλον
1518 4964 1597 5035 τῷ
1626 4965 1767 5035 Θεῷ,
1800 4964 1893 5019 καὶ
1924 4968 1990 5037 τῇ

409 5051 541 5121 ἀγίᾳ
574 5051 797 5122 συνόδῳ,
828 5051 925 5104 καὶ
952 5051 1139 5105 ούκέτι
1162 5054 1279 5115 τοῖς
1303 5052 1762 5125 διεστραμμένοις
1790 5055 1995 5126 ἀνθρὼ-

410 5159 553 5204 ποις.
580 5141 818 5213 Εὔχεσθε
843 5137 935 5197 οὗν
952 5143 1096 5216 ὑπὲρ
1116 5145 1210 5199 τοῦ
1233 5144 1519 5216 βασιλέως,
1538 5147 1633 5199 καὶ
1652 5146 1793 5219 ὑπὲρ
1811 5146 1988 5218 ἡμῶν.

488 5231 550 5287 '0
582 5234 714 5299 λαὸς
744 5238 773 5289 6
805 5236 847 5267 ¹⁷
885 5237 943 5289 ἐν
971 5237 1551 5290 Κωνσταντινουπόλει
1590 5238 1691 5307 μιᾷ
1726 5236 1823 5309 βοῇ
1854 5237 1993 5291 πάν-

409 5344 539 5382 τωνο
579 5329 853 5400 Ἀνάθεμα
874 5329 1182 5401 Νεστορίῳί

2102 4510 2219 4566 qua:
2275 4495 2417 4550 facta
2468 4505 2613 4559 sunt,
2662 4494 3056 4565 patefacerent.
3120 4492 3339 4563 Loquor
3388 4502 3568 4548 autem
3621 4492 3689 4546 de

2102 4585 2462 4640 sanctissimis
2522 4585 2812 4656 episcopis,
2863 4600 3000 4657 quos
3048 4594 3239 4641 sancta
3288 4583 3528 4654 synodus
3584 4581 3688 4636 huc

2103 4676 2440 4747 destinavit.)
2501 4676 2570 4731 Et
2602 4677 2923 4748 respondit:
2974 4676 3144 4736 Recte
3170 4674 3490 4747 qumsivisli.
3545 4673 3688 4729 Rur-

2101 4781 2329 4837 sumque
2360 4769 2557 4838 adjecit
2582 4769 2803 4825 verbum
2849 4783 3040 4834 unum,
3077 4777 3132 4824 et
3160 4767 3333 4824 dixit:
3383 4759 3687 4821 Precemii

2102 4875 2199 4929 pro
2228 4875 2312 4914 me
2343 4878 2356 4914 :
2410 4868 2463 4915 et
2493 4869 2645 4915 certo
2681 4860 2803 4916 novi
2847 4860 3232 4934 imperatorem
3268 4860 3376 4915 Deo
3401 4867 3457 4913 et
3486 4867 3687 4912 sanctae

2102 4953 2313 5024 synodo
2362 4953 2685 5009 obsecutum
2726 4954 2908 5022 potius
2958 4969 3120 5022 quam
3152 4950 3424 5020 perversis
3452 4948 3686 5004 homini-

2103 5047 2224 5100 bus.
2258 5046 2423 5103 Orate
2458 5046 2623 5117 igitur
2653 5060 2752 5114 pro
2779 5045 3127 5114 imperatore,
3165 5052 3217 5098 et
3244 5057 3343 5113 pro
3375 5040 3550 5097 nobis.

2164 5136 2407 5211 Ponu‘lus
2473 5134 3113 5203 Constantinopolitanus
3183 5149 3290 5189 una
3340 5132 3501 5192 simul
3556 5146 3686 5190 voce

2101 5228 2427 5289 exclamavit
2454 5243 2470 5282 :
2501 5228 2805 5283 Anathema
2833 5224 3117 5283 Nestoriol

484 5464 525 5537 β’
549 5465 867 5537 ἐπίσκοπος.
896 5469 1157 5527 mendose
1200 5468 1447 5531 omnino,
1477 5483 1580 5522 nec
1614 5468 1667 5521 in
1694 5483 1798 5522 ms.
1838 5466 1991 5522 habet

2153 5468 2248 5501 9.10
2275 5467 2505 5537 ,πλείρης
2520 5467 2641 5521 οὐκ,
2719 5467 2761 5498 ιι
2791 5464 3145 5536 προέπεμψα.
3224 5464 3269 5499 ¹⁸
3294 5461 3683 5534 ἐπαιρόμενος,

413 5534 457 5567 ⁸³
484 5535 984 5631 ἀνθρωπαρέσκων.
1077 5540 1119 5570 ’δ
1150 5538 1453 5597 εὐσέϐειαν.
1536 5540 1577 5571 ’⁵
1610 5539 1736 5601 τοὺς
1769 5539 1825 5593 δὲ
1872 5538 2295 5609 ἑξακισχιλίους.
2370 5534 2416 5571 ’⁸
2445 5534 2618 5593 εἶπεν.
2698 5538 2739 5570 ³⁷
2769 5534 2928 5608 ὁμοῦ.

577 5808 591 5842 ί

693 5866 964 5936 Parnm"
1018 5866 1133 5927 Gn.
1169 5865 1452 5929 LXXXV.

3290 5865 3362 5940 57
