4086 6400
394 321 529 388 1813

1325 328 1547 389 FRAG.
1590 328 1671 387 ll.
1711 329 2128 389 TllEUDOSlI
2168 330 2223 389 Il
2268 329 2418 389 RES
2456 327 2745 391 GESTAE.

3537 328 3676 394 13ξᾶ

390 442 484 496 καὶ
504 440 875 515 ἐδημεύσαντο
904 441 1091 496 ινεκεν
1132 442 1227 495 τοῦ
1267 443 1341 515 μὴ
1377 448 1707 516 κοινωνῆσαι
1738 449 1804 518 τῇ
1852 447 1967 499 Ἐκ·

2082 454 2347 500 matronae
2373 459 2438 499 ex
2488 442 2698 498 aedibus
2731 444 2846 499 suis
2887 445 3252 502 trahebantur
3299 448 3587 501 inltoncsw
3617 448 3672 502 in

390 532 589 606 κλησίᾳ
611 551 625 566 ·
660 534 756 588 καὶ
794 534 976 597 οὐδεὶς
1016 536 1268 606 ἠνείχετο
1298 539 1649 608 κοινωνῆσαι.
1685 540 1848 593 Ἀλλὰ
1880 542 1975 592 καὶ

390 624 600 695 σεμνὰς
651 627 920 692 γυναῖκας
963 628 1064 697 τῆς
1106 627 1414 699 συγκλήτου
1469 629 1636 693 οῦσας
1666 632 1975 701 κατέφερον

388 717 452 770 ἐκ
509 716 622 769 τῶν
664 716 854 770 οἰκιῶν
918 718 1100 772 αὐτῶν
1166 720 1429 791 σύροντες
1480 722 1650 787 αὑτὰς
1708 725 1975 795 ἀσχήμως

386 808 624 882 δημοσίᾳ
660 808 790 864 ἄνευ
843 811 1129 882 μαφορίων
1155 814 1249 866 καὶ
1281 814 1648 884 ὑποδημάτων
1677 833 1691 847 ·
1745 818 1838 869 καὶ
1868 818 1973 870 ἁπ-

383 900 734 973 ῄτουν·κατὰ
773 903 1025 956 κέλευσιν
1057 904 1152 957 τοῦ
1195 906 1359 958 αὑτοῦ
1383 907 1677 975 Ἀρκαδίου
1706 906 1974 977 βασιλέως
2080 942 2096 959 .
2175 944 2191 958 .

381 992 482 1045 καὶ
514 992 778 1057 Εὖδοκίας
807 994 906 1064 τῆς
949 995 1213 1063 γυναικὸς
1255 996 1424 1050 αὐτοῦ
1456 996 1488 1066 ἦ
1528 998 1865 1067 κοινωνῆσαι
1904 1000 1972 1069 τῇ

396 1083 696 1156 Ἐκκλησία
728 1100 742 1113 ⁸
780 1100 794 1114 ·
838 1103 851 1117 ·
905 1086 1153 1157 ποταμὸν
1182 1089 1435 1158 ’χρυσίου
1489 1089 1556 1143 λα
1587 1105 1602 1121 ⁶
1644 1106 1657 1118 '
1693 1105 1708 1118 °
1749 1090 1863 1159 (14)
1896 1090 1970 1163 [1⁵.

381 1172 473 1227 (ii.
511 1173 609 1247 α.]
642 1192 654 1204 ·
684 1192 698 1205 ⁸
731 1190 745 1205 '
788 1174 954 1249 [Ἑκὲ
986 1175 1006 1249 ]
1042 1176 1235 1231 λευσεν
1263 1178 1285 1251 [
1316 1179 1605 1252 ἐνεχθῆναι
1639 1181 1700 1235 τὸ
1760 1182 1971 1256 μῆλον]

382 1265 479 1318 καὶ
510 1263 715 1330 ἔδειξεν
758 1267 896 1338 αὐτῇ
931 1268 1093 1321 αὑτό·
1134 1269 1272 1342 [καὶ
1312 1272 1702 1341 ἠγανάκτησεν
1741 1273 1770 1325 6
1815 1274 1975 1343 βασι-

381 1355 552 1429 λεὺς]
610 1358 723 1429 (15)
764 1358 825 1412 τὸ
862 1359 1086 1427 λοιπὸν,
1147 1364 1245 1415 καὶ
1309 1363 1608 1435 ὑπενόησεν
1659 1364 1756 1418 τὸν
1807 1366 1973 1420 αὐτὸν

380 1449 651 1503 Παυλῖνον
695 1449 717 1523 [
750 1451 1014 1524 ἀγαπᾷν]
1054 1453 1226 1525 αὐτὴν
1277 1453 1599 1525 βασίλισσαν
1645 1456 1907 1511 Εὺδοκίαν
1945 1460 1974 1511 6

379 1543 667 1605 Θεοδόσιος
687 1560 701 1573 ο
739 1542 828 1596 διὰ
857 1542 956 1615 τὴν
987 1545 1158 1617 αὐτὴν
1205 1548 1389 1601 αίτὶαν
1418 1548 1631 1604 ἀνεῖλεν
1667 1550 1758 1603 τὸν
1809 1550 1972 1605 αὑτὸν

381 1635 650 1688 Παυλῖνον
692 1637 720 1689 6
775 1636 938 1701 αὐτὸς
980 1636 1234 1708 βασιλεὺς
1286 1641 1587 1704 Θεοδόσιος.
1638 1643 1749 1696 Καὶ
1792 1641 1967 1715 λυπη-

378 1724 539 1778 θεῖσα
564 1726 855 1795 Αὑγοῦστα
894 1728 1153 1783 δέσποινα
1181 1732 1434 1798 Εὕδοκία,
1489 1734 1583 1788 καὶ
1614 1733 1935 1806 ὑϐρισθεῖσα
1954 1752 1968 1766 ·

378 1817 629 1887 ἐγνώσθη
656 1818 763 1889 γὰρ
794 1821 1069 1890 πανταχοῦ
1092 1823 1176 1876 ὄτι
1204 1823 1273 1878 δι’
1301 1824 1474 1897 αὐτὴν
1503 1826 1718 1896 ἐσφάγη
1753 1828 1782 1879 6
1816 1827 1968 1881 Παυ-

378 1910 545 1974 λῖνος,
573 1910 651 1973 ὡς
684 1911 966 1985 εὔμορφος
1000 1914 1298 1989 νεώτεροςο
1331 1918 1426 1972 καὶ
1455 1920 1697 1991 ᾐτήσατο
1735 1921 1828 1975 τὸν
1869 1921 1967 1991 βαο

380 2002 538 2055 σιλέα
558 2002 842 2060 Θεοδόσιον
864 2006 1004 2078 αὕτη
1023 2007 1259 2062 Εὑδοκία
1287 2009 1381 2063 τοῦ
1416 2011 1702 2066 κατελθεῖν
1736 2015 1819 2076 είς
1845 2015 1972 2078 τοὺς

378 2094 572 2162 ἁγίους
608 2095 809 2160 τόπους
842 2098 925 2161 είς
958 2098 1127 2170 εὐχήν
1149 2116 1162 2130 ο
1199 2100 1292 2154 καὶ
1332 2102 1609 2172 παρέσχεν
1651 2103 1824 2175 αὑτῇο
1879 2106 1971 2158 καὶ

380 2186 656 2256 κατῆλθεν
678 2188 790 2241 ἀπὸ
817 2188 1451 2256 Κωνσταντινουπόλεως
1483 2193 1577 2246 ἐπὶ
1620 2193 1973 2265 Ἰεροσόλυμα.

380 2275 674 2343 εὔξασθαι,
716 2280 882 2350 φησίν
905 2280 1042 2351 (16).
1079 2283 1189 2337 Καὶ
1230 2284 1548 2339 εἰσελθοῦσα
1577 2288 1635 2340 ἐν
1671 2287 1973 2359 ’Δντιοχείᾳ

376 2371 447 2440 τῇ
478 2368 691 2442 μεγάλῃ
738 2366 938 2443 (εἶπεν)
974 2375 1032 2426 ὲν
1071 2373 1150 2445 τῷ
1191 2375 1567 2448 βουλευτηρίῳ
1600 2377 1769 2447 λόγον
1789 2381 1965 2448 ἐγκω-

380 2462 673 2531 μιαστικὸν
711 2465 795 2524 εἰς
846 2464 948 2534 τὴν
985 2464 1157 2537 αὐτὴν
1200 2466 1538 2539 Ἀντιόχειαν
1580 2470 1736 2524 πόλιν
1775 2472 1873 2525 καὶ
1910 2473 1972 2526 τὸ

376 2550 679 2623 λεγόμενον
718 2554 1128 2627 βουλευτήριον,
1167 2559 1459 2632 καθημένη
1509 2562 1735 2617 εἷσωθεν
1775 2563 1970 2635 δίφρου

376 2644 677 2715 ὀλοχρύσου
701 2648 796 2700 καὶ
825 2647 1070 2702 διαλίθου
1105 2650 1390 2721 βασιλικοῦ
1409 2669 1422 2683 ’
1459 2653 1554 2706 καὶ
1575 2653 1815 2725 ἔκραξαν
1831 2656 1967 2727 αὐτῇ

377 2734 430 2786 οί
469 2734 572 2804 τῆς
619 2738 794 2805 αὐτῆς
842 2739 1081 2803 πόλεως·
1134 2741 1227 2795 καὶ
1268 2743 1727 2819 ἀνηνέχθηῄαὑτῇ
1779 2748 1839 2800 ὲν
1891 2748 1970 2819 τῷ

379 2825 755 2902 βουλευτηρίῳ
781 2832 912 2885 εῖσω
940 2831 1106 2887 εἰκὼν
1122 2832 1405 2906 ἐνχρυσος,
1433 2837 1527 2890 καὶ
1554 2817 1657 2909 (εἰς
1679 2838 1739 2891 τὸ
1764 2817 1967 2911 αὐτῶν)

382 2920 638 2987 μουσεῖον
686 2920 856 2993 στήλη
902 2920 1078 2995 χαλκῆ
1120 2924 1274 2989 εῐσω,
1325 2926 1530 2996 (ἅτινα)
1579 2928 1686 2992 ἕως
1729 2930 1829 2999 τῆς
1869 2930 1967 2984 νῦν

379 3006 650 3064 ἵστανται.
693 3011 806 3066 Καὶ
852 3013 1329 3086 φιλοτιμησαμένη
1374 3020 1442 3088 τῇ
1480 3017 1587 3072 τῶν
1643 3019 1966 3091 ’Δντιοχέων

2082 536 2385 603 publicum,
2416 535 2692 605 capitibus
2735 537 2956 592 nudatis
2990 547 3040 592 et
3086 539 3343 593 excalcea
3381 554 3446 593 ir.
3481 539 3673 608 Exige-

2082 630 2243 684 batur
2304 639 2526 693 autem,
2573 628 2728 697 jussu
2789 630 2961 698 ipsius
3033 631 3253 686 Arcadii
3306 633 3539 701 AugnSti
3619 642 3681 686 ct

2080 721 2338 777 Eudoxia:
2382 721 2656 792 conjugis,
2689 730 2748 776 nt
2778 721 2861 776 vel
2899 737 3019 777 cum
3058 723 3303 777 Εευίυεῑπ
3347 725 3675 779 communi-

2079 821 2289 876 carent,
2319 813 2405 867 vel
2436 827 2689 883 magnam
2738 814 2857 867 auri
2891 815 2997 866 vim
3043 815 3419 883 pet'Solvet-ent
3462 854 3476 869 .
3557 853 3572 869 .
3654 853 3671 872 .

2269 944 2284 960 .
2314 904 2539 961 Pomnm
2571 904 2752 962 all'erri
2779 904 2961 974 jussit,
2989 907 3149 977 eique
3179 908 3415 961 ostendit
3442 926 3456 971 ;
3484 909 3679 977 iraque

2076 1012 2200 1053 cum
2237 996 2419 1067 jttrgio
2443 1007 2731 1066 concepta,
2752 997 3065 1065 suspicatus
3096 1011 3313 1066 quoque
3345 1005 3433 1052 est
3461 1014 3489 1049 a
3527 997 3671 1051 Pan-

2080 1075 2189 1147 lino
2234 1090 2527 1146 Eudociam
2555 1090 2860 1157 Augustam
2911 1090 3084 1143 amari
3110 1105 3137 1143 -:
3188 1105 3350 1159 quam
3402 1089 3472 1143 ob
3529 1105 3668 1154 rent,

2077 1182 2327 1237 eumdem
2365 1180 2653 1236 Paulinum
2686 1181 2915 1236 interfici
2949 1179 3125 1250 jussit
3156 1181 3455 1250 imperator
3500 1179 3667 1234 l‘heo-t

2074 1274 2283 1329 dosins.
2337 1272 2477 1328 llinc
2523 1272 2764 1342 Angusta
2830 1272 3059 1327 domina
3136 1271 3373 1327 Eudor-ia
3434 1289 3463 1324 ιι
3489 1288 3669 1326 (more

2077 1374 2352 1436 correpta,
2383 1374 2437 1419 et
2468 1379 2527 1420 se
2576 1364 2910 1421 contumelia
2960 1362 3208 1419 affectam
3269 1373 3488 1434 putans,
3538 1363 3667 1427 quia

2077 1455 2279 1527 ubique
2313 1455 2549 1510 innotuit
2579 1454 2725 1526 quod
2762 1454 2883 1524 ejus
2914 1469 3080 1510 causa
3146 1450 3409 1507 Paulinus
3462 1452 3667 1510 formo-

2075 1564 2170 1604 sus
2209 1548 2426 1617 juvenis
2490 1547 2683 1604 fuisset
2739 1548 2997 1611 occisus,
3048 1547 3205 1618 petiit
3265 1562 3294 1601 a
3352 1545 3667 1602 Theodosio

2075 1643 2341 1713 Angusto,
2382 1650 2441 1697 ut
2469 1643 2572 1698 sibi
2604 1641 2670 1696 ad
2702 1650 2900 1696 sancta
2953 1640 3072 1697 loca
3105 1640 3295 1695 orandi
3332 1639 3505 1709 gratia
3534 1654 3663 1709 pro-

2079 1737 2247 1792 ﬁcisci
2273 1737 2499 1802 liceret;
2534 1752 2641 1806 qua
2675 1734 2937 1791 facultate
2988 1734 3303 1804 impetrata,
3347 1731 3664 1788 Constanti-

2079 1826 2258 1896 nopoli
2293 1827 2441 1882 venit
2467 1824 2869 1896 Hierosolyma,
2929 1824 3199 1880 orationis
3241 1838 3467 1879 causam
3524 1838 3665 1892 prae-

2077 1932 2301 1989 texens;
2340 1926 2395 1975 et
2422 1919 2775 1975 Antiochiam
2819 1933 3074 1990 magnam
3109 1919 3380 1990 ingressa,
3426 1930 3669 1986 panegy-

2073 2010 2247 2062 ricum
2292 2021 2603 2062 sermonem
2638 2007 2691 2061 in
2738 2007 2891 2063 curia
2928 2007 3061 2063 dixit
3110 2006 3177 2061 de
3209 2009 3325 2077 ipsa
3371 2005 3662 2060 Antiochia

2073 2100 2302 2171 ejusque
2362 2107 2579 2163 senatu,
2644 2098 2844 2155 sedens
2912 2099 2964 2153 in
3027 2113 3193 2153 aurea
3254 2096 3432 2153 curuli
3504 2095 3659 2160 sella,

2077 2191 2355 2260 regalibus
2385 2190 2618 2261 gemmis
2654 2190 2955 2254 distincta;
2989 2190 3150 2258 eique
3173 2202 3201 2242 a
3248 2189 3458 2243 civibus
3505 2186 3662 2255 plan-

2074 2300 2194 2339 sum
2255 2295 2379 2351 est;
2442 2284 2731 2353 eidemque
2788 2281 3045 2338 dedicata
3106 2280 3209 2337 fuit
3269 2282 3414 2336 intra
3486 2280 3659 2349 ipsam

2074 2376 2285 2431 curiam
2338 2390 2508 2433 aurea
2562 2377 2763 2445 imago,
2819 2383 2875 2431 et
2932 2377 2985 2430 in
3034 2375 3242 2430 urbano
3280 2386 3469 2428 musco
3517 2385 3665 2426 mea

2075 2481 2279 2534 statua,
2345 2485 2576 2540 quarum
2645 2479 2882 2539 utraque
2950 2467 3016 2521 ad
3080 2468 3223 2523 hanc
3279 2479 3454 2536 usque
3514 2464 3659 2519 diem

2076 2572 2283 2617 manet.
2315 2560 2453 2615 Tum
2487 2561 2807 2617 muneribus
2828 2560 3183 2614 Αιιιῐοριιριιω
3212 2558 3332 2613 urbi
3377 2557 3659 2612 donatis...

2076 2654 2247 2710 multa
2292 2654 2687 2726 Hierosolymis
2740 2654 2946 2709 Struxit
2993 2651 3247 2717 aedilicia,
3303 2659 3359 2704 et
3410 2656 3660 2705 sanctum

2074 2762 2293 2818 quoque
2370 2762 2587 2801 murum
2660 2744 3216 2816 Hierosolymitanum
3292 2741 3659 2803 instauravit.

2074 2839 2260 2893 dicens
2288 2837 2547 2893 Davidem
2573 2835 2641 2892 de
2661 2850 2721 2891 se
2749 2836 2864 2906 ipsa
2900 2835 3064 2889 verba
3096 2834 3181 2887 illa
3237 2831 3565 2901 protulisse:
3600 2829 3661 2887 In

2071 2927 2418 2998 beneplacito
2452 2925 2717 2998 (εὐδοκία)
2745 2935 2837 2980 ιιιο
2882 2923 3298 2978 :cdiﬂcabnntur
3326 2921 3470 2977 muri
3499 2917 3658 2975 Jeru-

2070 3020 2264 3085 salem,
2296 3018 2546 3074 Domine.
2601 3017 2846 3088 Cumque
2872 3016 3269 3087 Hierosolymis
3322 3013 3659 3070 domicilium

378 3097 533 3208 πόλει
565 3115 578 3129 ·
614 3117 628 3131 ο
674 3117 690 3133 ο
732 3101 846 3173 (l7)
872 3120 885 3133 ο
924 3120 938 3134 ·
983 3122 996 3134 ·
1039 3104 1171 3177 [καὶ
1196 3104 1455 3179 ἔκτισεν]
1495 3107 1576 3172 είς
1613 3107 1965 3182 Ἰεροσόλυμα

2075 3112 2471 3181 constituisset,
2508 3111 2692 3181 ibique
2717 3110 2897 3181 regale
2923 3108 3025 3163 sibi
3048 3106 3360 3178 sepulcrum
3388 3113 3669 3175 parasset,

278 3213 287 3221 -
376 3190 552 3246 πολλὰ
589 3191 667 3265 [Γ.
705 3193 796 3249 64.
827 3195 878 3250 b.
904 3197 923 3269 j
949 3241 961 3262 ,
1006 3198 1103 3251 καὶ
1150 3197 1211 3251 τὸ
1250 3202 1429 3270 τεῖχος
1468 3200 1623 3269 ἅγιον
1661 3201 1966 3258 ἀνενέωσεν

2075 3205 2314 3259 excessit
2363 3218 2394 3260 e
2425 3203 2557 3268 vita,
2614 3211 2671 3257 et
2710 3202 2901 3258 eadem
2950 3199 3004 3255 in
3062 3199 3196 3255 urbe
3247 3206 3329 3252 est
3387 3194 3658 3266 deposita.

375 3284 480 3354 τῆς
513 3285 895 3358 Ἰερουσαλὴμ.
940 3289 1171 3343 είποῦσα
1206 3291 1289 3345 ὅτι
1321 3293 1401 3344 Δι’
1438 3293 1537 3362 ἐμὲ
1570 3288 1723 3346 εἶπεν
1757 3295 1785 3348 6
1831 3314 1966 3366 ειτρο⁴

2078 3295 2235 3350 Morti
2283 3310 2414 3353 vero
2469 3294 2743 3365 proxima,
2773 3291 3131 3361 jurejurando
3177 3284 3488 3352 afﬁrmavit,
3525 3283 3660 3339 nihil

375 3376 558 3447 φήτης
599 3378 783 3443 Δαόὶδ,
843 3380 933 3434 Ἐν
974 3382 1193 3453 εὐδοκία
1222 3400 1316 3435 σου
1361 3383 1855 3456 οἰκοδομηθήσεται
1896 3390 1965 3444 τὰ

2075 3390 2139 3444 ad
2172 3404 2234 3446 se
2292 3391 2568 3461 pertinere
2619 3387 2976 3452 calumniam,
3006 3401 3168 3458 quam
3224 3382 3437 3439 Paulini
3490 3395 3663 3438 causa

375 3467 531 3538 τείχη
567 3466 957 3542 Ἰερουσαλὴμ,
998 3471 1190 3542 Κύριε.
1224 3472 1339 3525 Καὶ
1369 3474 1600 3541 μείνασα
1639 3476 1720 3538 είς
1740 3476 1836 3546 τὴν
1861 3479 1961 3531 αὒ-

2075 3482 2175 3534 sibi
2215 3481 2537 3538 intulerant.

374 3562 474 3631 τὴν
502 3560 879 3635 Ἰερουσαλὴμ,
904 3564 999 3617 καὶ
1022 3563 1257 3617 κτίσασα
1283 3565 1401 3616 ἐκεῖ
1434 3567 1601 3637 ἑαυτῇ
1669 3570 1861 3639 μνῆμα
1894 3570 2196 3639 βασιλικὸν,
2271 3575 2552 3640 ἐτελεύτα,
2616 3574 2709 3629 καὶ
2771 3574 2931 3645 ἐτέθη
2968 3574 3089 3627 ἐκεῖ
3124 3573 3184 3626 ἐν
3220 3568 3619 3640 Ἱεροσολύμοις
3641 3581 3658 3599 ⁸

375 3652 505 3707 ῑνθα
542 3654 589 3708 δ’
654 3655 884 3725 ἔμελλεν
948 3656 1246 3727 τελευτᾷν,
1318 3656 1653 3727 ἐπωμόσατο
1692 3660 1768 3733 μὴ
1828 3661 2124 3716 συνειδέναι
2160 3665 2226 3735 τῇ
2296 3666 2606 3738 κατηγορίᾳ
2631 3668 2698 3736 τῇ
2765 3664 3044 3735 γεναμένῃ
3103 3661 3227 3717 κατ’
3258 3661 3432 3732 αὐτῆς
3470 3661 3661 3714 ἕνεκεν

374 3746 647 3802 Παυλίνου
681 3748 818 3820 (18).

456 3840 516 3894 Ὀ
547 3840 606 3893 δὲ
653 3840 819 3904 αὐτὸς
874 3840 1159 3907 Θεοδόσιος
1210 3841 1469 3913 βασιλεὺς
1509 3838 1914 3916 [ἐτελεύτησεν
1944 3861 1958 3875 ο

372 3927 441 4002 ἦν
471 3931 528 3985 δὲ
595 3932 762 4002 φύσιν
787 3933 1008 4004 ὡραῖος,
1039 3934 1392 4007 λευκόχρους,
1438 3935 1658 4001 εὔθετος
1678 3978 1691 4001 ,
1727 3935 1962 4010 εῦρινος,

373 4024 665 4097 εῦστηθος,
736 4026 964 4098 μέλασιν
1014 4028 1242 4098 δφροις,
1306 4029 1620 4107 1ἀεικελόθριξ,
1701 4030 1965 4085 δασυπώ-

2075 4038 2413 4099 pcclorosus,
2475 4031 2646 4101 nigris
2718 4031 3050 4103 superciliis,
3116 4039 3374 4101 porrecto
3433 4028 3654 4099 capillo,

371 4136 486 4186 γων
524 4135 537 4149 ·
573 4135 587 4148 ·
624 4136 639 4151 σ
671 4119 701 4184 ξ
732 4134 749 4151 ⁸
788 4135 801 4147 ·
838 4136 852 4149 ·
884 4120 1301 4192 μεγαλόψυχος,
1344 4122 1706 4195 εὐχαρ(ίεις),
1754 4123 1964 4193 ἐλλόγι-

2075 4122 2342 4191 lensaqne
2368 4122 2538 4177 barba
2569 4122 2686 4189 vir;
2728 4123 2943 4177 idem...
2989 4120 3396 4191 magnanimus,
3444 4120 3655 4189 gratio-

377 4231 505 4283 μος,
559 4213 712 4285 παρὰ
756 4215 962 4279 παντὸς
1015 4213 1109 4269 τοῦ
1154 4215 1330 4289 δήμου
1372 4215 1701 4289 φιλυύμενος
1742 4218 1839 4273 καὶ
1860 4220 1962 4291 τῆς

2075 4229 2181 4280 sus,
2208 4213 2481 4281 eruditus,
2515 4215 2713 4287 populo
2746 4215 3007 4270 universo
3057 4229 3121 4269 ac
3163 4212 3376 4268 senatui
3426 4212 3651 4267 charos.

374 4306 707 4377 συγκλήτου.
3216 4302 3225 4308 ’

455 4418 577 4472 Ἐπὶ
609 4420 666 4473 δὲ
701 4420 801 4489 τῆς
846 4420 1126 4490 βασιλείας
1152 4422 1249 4476 τοῦ
1301 4422 1470 4477 αὑτοῦ
1520 4423 1808 4480 Θεοδοσίου
1859 4426 1956 4481 καὶ

2136 4421 2446 4481 Theodosio
2478 4432 2533 4479 et
2574 4421 2958 4479 Valentiniano
2996 4419 3375 4490 regnantibus,
3422 4416 3652 4486 expedi.

373 4513 786 4568 Βαλεντινιανοῦ
815 4514 927 4586 (19)
954 4517 1395 4589 ἐπεστράτευσεν
1422 4517 1561 4571 κατᾶ
1600 4518 1822 4590 Ῥώμης
1865 4522 1961 4574 καὶ

2075 4518 2262 4573 tionem
2291 4517 2532 4587 suscepit
2561 4516 2624 4570 ad
2639 4530 2823 4571 rcrsus
2853 4512 3080 4570 Romam
3107 4523 3164 4568 et
3183 4511 3649 4579 Constantinopo-

371 4607 1004 4673 Κωνσταντινουπόλεως
1038 4610 1309 4679 Ἀττιλᾶς,
1338 4613 1367 4665 6
1403 4613 1469 4667 ἐκ
1489 4610 1586 4666 τοῦ
1629 4611 1821 4679 γένους
1850 4611 1960 4664 τῶν

2082 4611 2153 4665 im
2188 4610 2408 4675 Attilas,
2441 4622 2604 4682 gente
2625 4607 2852 4678 Gepida,
2882 4620 3012 4661 cum
3042 4606 3335 4661 innumero
3363 4605 3646 4667 exercitu;

372 4699 646 4772 Γηττίδων,
683 4700 825 4772 ἔχων
857 4701 1063 4773 πλῆθος
1102 4705 1385 4776 μυριάδων
1429 4705 1671 4773 πολλῶν,
1710 4705 1961 4777 δηλώσας

2082 4720 2214 4775 sque
2271 4705 2440 4760 misso
2493 4702 2686 4758 nuntio
2719 4698 2952 4757 Romam
2986 4699 3054 4754 ad
3094 4699 3531 4755 Valentinianum
3574 4699 3654 4755 ita

2133 3845 2255 3916 lpse
2285 3862 2505 3917 quoque
2554 3847 2897 3905 Theodosius
2957 3847 3133 3913 obiit;
3180 3844 3273 3915 qui
3323 3843 3424 3899 fuit
3475 3844 3669 3913 specie

2067 3939 2327 4005 formosa,
2392 3942 2675 4008 candidus,
2726 3941 2864 3996 bene
2919 3948 3260 4010 contpactus,
3307 3937 3460 4008 justo
3498 3951 3654 4003 naso,

2056 4880 2224 4934 linunt
2247 4879 2408 4951 jussit
2441 4880 2641 4936 occidi.

2131 4949 2260 5021 (16)
2304 4949 2583 5022 Hactenus
2626 4952 2991 5022 fragmentum
3054 4958 3240 5022 prope,
3300 4952 3384 5004 ad'
3423 4949 3648 5003 verbum

2058 5032 2240 5077 exstat
2271 5021 2605 5089 exscriptum
2645 5021 2786 5089 apud
2826 5021 3077 5076 Malalam
3103 5037 3155 5089 p.
3185 5021 3293 5085 22;
3326 5035 3432 5074 non
3462 5028 3646 5074 tamen

2059 5092 2343 5160 sequentia
2375 5094 2441 5144 de
2470 5091 2723 5145 Eudocia:
2754 5093 2805 5145 in
2838 5092 2977 5146 urbe
3016 5092 3305 5145 Antiochia
3353 5090 3642 5160 concione,

2059 5173 2114 5216 ct
2141 5158 2214 5217 ide
2245 5163 2542 5215 honoribus
2570 5162 2617 5215 ci
2650 5161 2918 5226 decretis;
2951 5176 3071 5229 qua:
3095 5161 3218 5215 aliis
3254 5161 3435 5215 verbis
3455 5158 3648 5229 legun-

2060 5241 2149 5287 tur
2183 5232 2379 5300 partim
2415 5231 2553 5300 apud
2586 5231 2874 5301 Evagrium
2901 5230 3041 5285 Hist.
3066 5231 3158 5284 lib.
3186 5247 3224 5296 ι,
3250 5232 3347 5301 20.

2130 5303 2245 5372 (l7)
2279 5301 2485 5372 Desunt
2526 5311 2643 5372 tres
2690 5300 2882 5372 saltem
2938 5301 3251 5372 versiculi_
3278 5300 3415 5355 Ilinc
3461 5309 3659 5372 autem.

2057 5370 2246 5426 rursus
2278 5371 2498 5425 Mulalas
2537 5386 2591 5442 p.
2621 5371 2713 5437 2'2,
2752 5382 2808 5427 et
2855 5371 3056 5444 Glycas
3095 5373 3184 5425 ed.
3229 5371 3408 5444 Paris.
3434 5386 3487 5441 p.
3514 5370 3643 5444 261.

439 4878 555 4953 (Η)
585 4878 857 4949 Graphice
880 4891 1069 4953 narrat
1102 4879 1248 4935 hanc
1289 4879 1547 4953 adversus
1573 4880 1947 4953 Chrysostomi

370 4950 672 5007 sectatores
731 4950 1169 5017 persecutionem
1231 4950 1396 5005 etiam
1462 4950 1804 5006 Sozome'nus
1849 4952 1945 5007 lib.

368 5035 493 5087 vm,
534 5023 626 5088 25,
656 5032 713 5076 et
733 5020 827 5076 21.
862 5021 932 5074 Et
976 5022 1196 5091 quidem
1241 5022 1384 5076 inter
1435 5021 1697 5091 multatos
1731 5023 1801 5076 ob
1828 5038 1949 5075 eam

370 5107 486 5163 rem
511 5093 739 5163 pecunia
772 5091 922 5160 ponit
955 5089 1090 5148 duas
1120 5091 1360 5147 illustres
1399 5091 1631 5147 feminas
1673 5089 1951 5163 Olympia-

367 5161 489 5216 dem
512 5160 577 5218 iet
606 5160 932 5217 Nicaretem.

441 5233 555 5304 (l5)
591 5232 697 5304 Res
732 5249 797 5288 ex
831 5233 952 5304 aliis
1006 5246 1225 5303 quoque
1259 5232 1550 5304 historicis
1602 5232 1737 5287 satis
1796 5243 1947 5289 nota.

368 5300 591 5359 Scilicet
654 5300 1198 5371 Theodosius—imp.
1256 5302 1490 5368 insignis
1558 5306 1948 5371 magnitudinis

365 5389 587 5443 pomum
618 5371 872 5430 Eudocize
916 5372 1131 5443 conjugi
1185 5372 1497 5440 obtulerat;
1553 5374 1668 5427 lucc
1727 5372 1953 5429 Paulino

362 5439 559 5515 juveni
574 5443 750 5498 aulico
782 5439 1194 5499 transmiserat:
1221 5444 1312 5515 qui
1346 5439 1768 5512 praecedentium
1803 5446 1952 5515 igna-
2057 5512 2068 5515 _
2128 5444 2242 5513 (18)
2274 5444 2404 5515 Quae
2429 5439 3018 5515 sequunturdefor'ma
3055 5445 3302 5515 corporis
3347 5439 3643 5515 Theodosii

369 5529 485 5585 ius,
518 5512 827 5569 TheOdOsio
879 5516 977 5585 ipsi
1028 5512 1249 5584 pomum
1277 5512 1423 5585 idem
1455 5515 1596 5568 dono
1630 5514 1776 5569 misit
1801 5512 1946 5584 {qui
2055 5512 2426 5585 imperatoris,
2458 5515 2666 5585 absunt
2688 5528 2718 5567 a
2742 5512 2969 5585 Malala;
2996 5513 3091 5567 sed
3134 5512 3466 5585 conferenda
3516 5521 3648 5585 sunt

368 5580 634 5656 zélotypia
661 5580 988 5656 connnotns,
1028 5580 1251 5639 uxorem
1283 5584 1659 5656 interrogavit,
1686 5580 1943 5656 quidnam
2052 5580 2173 5637 cum
2212 5584 2387 5656 dictis
2448 5585 2516 5637 ab
2574 5583 2882 5656 Ephrzemio
2916 5583 3460 5656 citronograjilto__(v.
3515 5581 3641 5636 7u0.

366 5653 584 5711 demum
608 5669 768 5725 pomo
801 5655 874 5709 illi
902 5654 1103 5710 factum
1154 5662 1320 5709 esset.
1359 5654 1455 5725 llla
1488 5653 1548 5708 se
1580 5654 1945 5711 manducasse
2049 5653 2229 5724 seqq.)
2257 5668 2419 5723 quem
2457 5655 2873 5725 nosicdidimus
2904 5653 3099 5721 Script.
3134 5663 3231 5707 uel.
3269 5664 3307 5708 t.
3341 5653 3426 5725 lli.

369 5720 724 5799 mentitaiest.
755 5725 907 5799 _Tutn
958 5740 1118 5799 pomo
1151 5725 1363 5799 prolato
1411 5724 1766 5799 Theodosius-
1798 5742 1939 5799 uxn-
2118 5720 2229 5793 (19)
2276 5720 2508 5780 'Rursus
2568 5723 2787 5780 Malalas
2863 5724 2971 5784 loc.
3024 5720 3156 5790 'cit.,
3216 5735 3270 5799 et
3340 5720 3647 5778 (.‘hrom'con

367 5812 481 5850 rem
512 5796 717 5853 acriter
750 5797 1040 5867 increpuit,
1071 5807 1123 5851 et
1163 5796 1505 5866 deportatum
1558 5796 1744 5865 procul
1795 5795 1936 5851 l‘au-
2041 5799 2313 5862 paschale.
