4086 6388
347 359 358 369 .
463 295 600 369 1815

339 628 350 642 ι
463 601 665 657 habeas
697 609 1042 671 apparatum.

1173 300 1562 363 APPENDIX
1595 300 1694 358 AD
1733 298 1908 360 SJEC.
1947 299 2014 358 V.
2047 321 2115 332 -·-
2153 298 2626 360 FRAGMENTA
2664 303 3100 370 HISTORICA.
3600 303 3738 367 18l6

461 411 734 469 intimavit
753 429 768 466 :
789 410 1008 469 Maudat
1039 412 1134 468 tibi
1159 425 1256 482 per
1286 426 1373 466 me
1403 411 1653 467 dominus
1672 425 1826 465 meus
1848 409 2041 464 simul-

2149 407 2237 462 διὰ
2258 408 2598 480 πρεσϐευτοῦ
2626 414 2794 469 αὐτοῦ
2827 417 3228 490 Βαλεντινιανῷ
3274 416 3485 488 βασιλεῖ
3509 416 3566 470 ἐν
3601 413 3737 466 Ῥώ-

461 519 569 577 que
616 505 873 562 dominus
918 515 1040 562 tuus
1091 505 1313 572 Attilas,
1363 514 1422 560 ut
1469 505 1520 561 ei
1570 503 1835 574 palatium
1895 510 2041 557 tuum

2158 517 2235 570 μη
2258 516 2272 530 ⁸
2323 502 2648 559 Ἕκέλευσέν
2673 523 2756 561 σοι
2781 509 2850 562 δι’
2891 512 3028 581 ἐμοῦ
3049 513 3078 566 ὁ
3099 511 3369 580 δεσπότης
3401 525 3503 578 μου
3529 507 3624 560 καὶ
3648 506 3737 558 δε·

2157 590 2366 661 σπότης
2389 609 2484 646 σου
2532 595 2799 666 Ἀττιλᾶς,
2821 601 2908 655 ἴνα
2947 601 3324 676 [εὐτρεπίσης
3342 599 3492 672 αὐτῷ
3524 599 3586 652 τὸ
3625 614 3736 652 πα·

2153 680 2338 739 λὰτιόν
2360 702 2476 740 σου.
2501 687 2524 760 ]

1759 969 2298 1036 FRAGMENTUM
2348 977 2457 1038 III.

531 1105 762 1170 Creatus
799 1123 883 1171 est
912 1113 1202 1186 praefectus
1251 1114 1504 1180 Ruﬁnus,
1534 1115 1762 1187 Augusti
1819 1114 2036 1180 afﬁnis;

461 1205 556 1260 sed
579 1204 775 1264 deinde
799 1207 954 1278 quasi
981 1205 1320 1278 tyrannidem
1348 1205 1612 1262 affectans
1636 1207 1754 1262 neci
1785 1206 2039 1262 traditus.

529 1381 678 1444 ldem
707 1379 1047 1445 Theodosius
1069 1383 1473 1461 Chrysaphium
1500 1389 1720 1444 amabat
1759 1388 2046 1446 cubicula.

459 1479 621 1546 rium,
651 1481 977 1550 cognomine
1006 1479 1325 1548 Summane,
1357 1489 1415 1538 ut
1445 1481 1660 1554 egregia
1683 1477 1841 1550 plane
1869 1481 2045 1538 forma

460 1566 767 1642 praeditum,
791 1581 846 1630 et
868 1573 916 1630 ei
937 1573 1199 1645 quidquid
1233 1585 1446 1645 peteret
1476 1573 2048 1647 largiebaturzitaque

460 1657 507 1718 is
541 1665 781 1735 potentia
808 1665 1043 1738 plurima
1073 1675 1238 1738 atque
1261 1665 1456 1724 fiducia
1485 1670 1627 1739 apud
1652 1670 1900 1726 eumdem
1933 1669 2049 1740 pol-

2219 1119 2240 1193 [
2271 1124 2528 1197 Προήχθη
2571 1125 2812 1198 ἔπαρχος
2850 1123 3132 1196 Ἱόυῳΐνος
3175 1123 3359 1197 (19⁸)]
3397 1123 3426 1178 ὀ
3458 1117 3736 1192 συγγενὴς

2152 1213 2234 1288 [Ι.
2261 1218 2350 1272 63.
2376 1217 2469 1292 a.]
2496 1219 2771 1284 Βασιλέως
2819 1220 2916 1274 καὶ
2958 1217 3230 1288 ἐφονεύθη
3295 1216 3372 1282 ὡς
3428 1214 3736 1287 μελετήσας

2149 1309 2466 1376 τυραννίδα.

2234 1401 2292 1455 '0
2327 1401 2384 1455 δὲ
2413 1402 2578 1468 αὐτὸς
2618 1403 2899 1467 Θεοδόσιος
2939 1401 3117 1473 ἐφίλει
3157 1400 3250 1455 τὸν
3295 1399 3616 1472 Χρυσάφιον
3640 1395 3736 1450 τὸν

2152 1494 2618 1569 κουϐικουλάριον,
2657 1497 2750 1550 τὸν
2791 1496 3088 1566 λεγόμενον
3116 1494 3414 1566 Στούμμαν
3435 1531 3451 1558 ,
3486 1494 3563 1556 ὡς
3587 1491 3734 1544 πάνυ

2148 1586 2400 1658 εὐπρεπῆ
2439 1588 2605 1656 ὄντα,
2638 1589 2732 1642 καὶ
2776 1589 3038 1659 παρεῖχεν
3088 1585 3240 1656 αὐτῷ
3285 1585 3460 1640 πολλὰ
3502 1585 3604 1639 ὅσα
3666 1584 3734 1636 ἂν

2149 1675 2350 1748 ᾔτησεν
2399 1678 2586 1744 αὑτὸν,
2633 1679 2727 1732 καὶ
2767 1677 3002 1748 ἠδύνατο
3051 1679 3182 1748 παρ’
3223 1676 3376 1748 αὐτῷ
3416 1675 3735 1748 παρρησίαν

460 1751 638 1823 lebat,
668 1771 1048 1830 summamque
1087 1759 1427 1830 negotiorum
1491 1760 1730 1828 tenebat,
1759 1772 1952 1816 cuncta
1976 1761 2041 1817 ad

2149 1741 2310 1840 £me,
2344 1769 2440 1824 καὶ
2464 1741 2716 1841 κατεῖχεν
2754 1741 2862 1824 τίῦν
2911 1741 3258 1841 πραγμάτων
3307 1741 3510 1840 (πρὸς).
3536 1741 3735 1820 ἐαυτὸν

459 1865 614 1906 suam
665 1851 954 1909 utilitatem
995 1863 1321 1912 convertens
1367 1865 1425 1912 et
1469 1856 1708 1922 rapiens.
1739 1851 1871 1912 Erat
1899 1855 2041 1912 enim

2148 1861 2300 1930 ἄγων
2333 1862 2430 1916 καὶ
2478 1862 2744 1934 ἁρπάζων
2797 1862 2979 1918 πάντα
2998 1861 3073 1894 ³⁸·
3118 1857 3186 1936 ἦν
3227 1861 3337 1934 γὰρ
3357 1861 3582 1932 πάτρων
3636 1857 3737 1912 καὶ

459 1941 662 2013 ubique
699 1948 962 2013 patronus
988 1953 1044 2000 et
1069 1959 1271 2016 ιιι-ωερε
1300 1939 1550 2002 factionis
1584 1942 1849 2005 Prasinae.

2148 1953 2464 2026 προστάτης
2490 1954 2602 2008 τῶν
2640 1955 2930 2028 Πρασίνων
2971 1954 3273 2026 πανταχοῦ.

529 2035 732 2093 Eodem
764 2033 1078 2095 Theodosio
1125 2048 1408 2110 regnante,
1442 2033 1747 2096 neomcnite
1774 2048 2041 2108 tempore,

2230 2043 2352 2098 Ἐπὶ
2376 2044 2434 2098 δὲ
2471 2045 2571 2114 τῆς
2611 2044 2894 2115 βασιλείας
2933 2043 3028 2098 τοῦ
3077 2043 3245 2098 αὐτοῦ
3274 2041 3566 2097 Θεοδοσίου
3595 2038 3734 2093 ἐπα-

457 2123 774 2185 Nicomedia
832 2128 1102 2202 Bithynia:
1171 2131 1492 2202 metropolis
1575 2134 1822 2203 quintam
1888 2146 2041 2186 suam

2147 2127 2240 2192 θεν
2271 2137 2410 2210 αὐτῇ
2445 2122 2813 2212 νεομηνίαβν
2852 2133 3193 2210 Νικομήδεια
3233 2133 3569 2208 μητρόπολις
3631 2133 3738 2202 τῆς

457 2221 826 2280 calamitatem
880 2237 1040 2294 passa
1095 2233 1202 2291 est,
1261 2223 1378 2281 solo
1422 2232 1720 2295 prostrata,
1775 2231 1832 2278 et
1882 2222 2041 2279 simul

2146 2231 2402 2294 Βιθυνίας
2431 2231 2493 2286 τὸ
2514 2230 2767 2302 πέμπτον
2793 2231 2964 2301 αὐτῆς
2985 2229 3178 2296 πάθος,
3214 2229 3458 2302 ἑσπέρας
3485 2224 3732 2297 βαθείας·

458 2315 717 2386 absorpta
744 2316 902 2371 mari.
927 2314 1006 2371 lbi
1035 2330 1256 2387 quoque
1288 2315 1628 2373 Theodosius
1656 2313 1825 2370 multa
1873 2314 2046 2370 aedifi-

457 2408 540 2463 cia
601 2409 866 2474 condidit,
925 2409 1122 2466 balnea
1180 2409 1418 2475 scilicet,
1470 2409 1750 2480 porticus,
1801 2417 2042 2477 portum,

455 2508 620 2570 atque
659 2501 998 2571 praetorium,
1033 2501 1162 2558 item
1184 2501 1594 2558 confessionem
1619 2500 1797 2557 sancti
1841 2499 2041 2554 Anthi-

457 2589 554 2656 mi,
581 2589 807 2661 ejusque
849 2605 1041 2647 omnes
1062 2591 1346 2648 ecclesias.

523 2774 728 2830 Eodem
785 2775 962 2832 adhuc
1014 2783 1298 2847 regnante,
1329 2771 1501 2830 Isauri
1538 2775 1856 2845 praedonum
1877 2775 2043 2830 duces

457 2863 764 2922 Seleuciam
802 2864 976 2939 Syria:
1021 2875 1453 2938 occupaverunt,
1489 2882 1677 2924 mense
1719 2865 2038 2932 Februario,

453 2958 770 3015 consulibus
796 2959 916 3030 ipso
963 2957 1272 3017 Theodosio
1299 2968 1354 3016 et
1396 2957 1738 3036 Romoride:_
1773 2959 2042 3028 praedam-

2147 2325 2243 2378 καὶ
2269 2323 2522 2380 ἀπώλετο
2569 2326 2650 2389 είς
2690 2327 2858 2394 γαῖαν
2893 2325 2990 2380 καὶ
3021 2325 3102 2388 είς
3135 2323 3414 2378 θάλασσαν
3457 2337 3738 2376 καταπον-

2143 2418 2416 2473 τισθεῖσα.
2441 2419 2552 2474 Καὶ
2573 2417 2750 2472 πολλὰ
2799 2417 3013 2473 ἔκτισεν
3058 2417 3199 2482 ἐκεῖ,
3237 2416 3330 2470 καὶ
3371 2413 3442 2468 τὰ
3469 2413 3731 2486 δημόσια.

2144 2512 2240 2566 καὶ
2267 2511 2391 2574 τοὺς
2417 2510 2704 2580 ἐμϐόλους,
2739 2510 2837 2563 καὶ
2867 2509 2962 2564 τὸν
2987 2507 3210 2578 λιμένα,
3251 2505 3442 2562 καὶτὰ
3473 2521 3489 2536 ο
3520 2521 3536 2536 ο
3572 2520 3588 2534 ο
3627 2502 3736 2558 τώ-

2147 2622 2240 2676 ρια
2268 2604 2338 2671 ⁸⁸,
2370 2604 2467 2657 καὶ
2507 2603 2568 2657 τὸ
2621 2601 2922 2674 μαρτύριον
2980 2599 3075 2654 τοῦ
3117 2599 3276 2670 ἁγίου
3327 2597 3607 2668 ’Δνθίμου,
3637 2594 3736 2652 καὶ

2147 2695 2329 2758 πάσας
2359 2693 2457 2756 τὰς
2483 2692 2782 2762 ἐκκλησίας
2809 2690 2999 2746 αὑτοῦ.

2231 2785 2356 2840 Ἐπὶ
2379 2785 2436 2839 δέ
2464 2785 2565 2855 τῆς
2605 2783 2887 2856 βασιλείας
2919 2780 3086 2836 αὑτοῦ
3123 2780 3438 2852 παρέλαϐον
3477 2782 3527 2834 οἱ
3553 2781 3735 2834 Ἰσαυ-

2146 2895 2230 2949 ροι
2291 2875 2728 2950 λησταρχοῦντες
2781 2872 3106 2928 Σελεύκειαν
3140 2873 3288 2946 [τῆς
3329 2873 3554 2944 Συρίας,
3601 2871 3736 2942 μηνὶ

2145 2969 2388 3041 Περιτίῳ
2422 2968 2516 3021 ἐπὶ
2550 2967 2652 3037 τῆς
2679 2965 2948 3029 ὑπατείας
2971 2964 3066 3019 τοῦ
3098 2964 3264 3018 αὐτοῦ
3296 2963 3582 3018 Θεοδοσίου
3627 2962 3728 3018 καὶ

453 3065 560 3120 que
587 3060 841 3124 egerunt,
879 3061 934 3108 et
973 3053 1253 3124 regionem
1286 3059 1602 3118 vastarunt,
1662 3049 1811 3106 facta
1859 3050 2038 3120 irrup-

2155 3060 2474 3132 Ῥομορίδου
2495 3076 2509 3090 ⁸
2543 3058 2641 3113 καὶ
2669 3055 3075 3131 ἐπραίδευσαν[
3106 3057 3144 3112 f.
3177 3053 3267 3112 65.
3302 3057 3357 3112 b.
3378 3055 3400 3128 ]
3421 3057 3520 3110 καὶ
3538 3056 3736 3127 ἐστρε-

455 3145 602 3200 tione
631 3159 726 3214 per
750 3143 994 3200 Amanos
1017 3155 1265 3212 montes;
1297 3144 1638 3215 direptisque
1681 3141 1956 3209 omnibus,
1985 3142 2037 3195 in

455 3234 720 3292 Isauriam
767 3239 976 3294 reversi
1007 3247 1162 3293 sunt.

529 3423 643 3478 Sub
669 3423 860 3478 eodem
883 3423 1236 3492 imperatore,
1268 3419 1452 3477 divina
1493 3421 1869 3491 indignatione
1901 3423 2044 3478 Con-

455 3513 845 3584 stantinopolis
872 3515 925 3570 in
975 3513 1168 3584 primis
1218 3523 1382 3571 terra
1438 3525 1588 3570 motu
1639 3531 1906 3573 concussa
1938 3517 2040 3572 fuit

453 3605 660 3662 mensis
687 3602 932 3660 Januarii
959 3605 1047 3661 die
1069 3604 1332 3675 vigesima
1371 3614 1549 3674 sexta,
1577 3617 1778 3674 noctu;
1823 3608 2042 3678 ruitque

454 3700 588 3756 urbs
622 3714 654 3754 a
705 3696 1013 3754 Troadensi
1076 3697 1294 3767 porticu
1327 3711 1500 3768 usque
1555 3697 1624 3753 ad
1683 3697 2040 3772 Tetrapylum

446 3805 699 3860 aereum;
765 3791 838 3846 ita
895 3797 955 3846 ut
1027 3791 1326 3860 imperator
1379 3807 1505 3847 cum
1565 3792 1795 3863 populo,
1853 3804 2042 3849 senatu

454 3885 732 3956 cleroque,
795 3884 1026 3954 nudipes
1091 3883 1277 3940 multis
1329 3884 1525 3941 diebus
1587 3887 2042 3956 supplicationem

455 3977 692 4033 duxerit.

525 4169 728 4227 Eodem
763 4181 1006 4241 tempore
1021 4169 1219 4226 bellum
1245 4169 1427 4225 intulit
1454 4169 1718 4224 Romanis
1751 4168 2042 4225 Persarum

455 4280 552 4320 rex
602 4264 960 4335 Blasyszqna
1009 4279 1072 4318 re
1118 4264 1360 4334 cognita,
1407 4261 1690 4318 Romanus
1745 4263 2047 4332 imperator

455 4359 665 4415 creavit
696 4358 888 4414 ducem
926 4357 980 4412 in
1007 4356 1380 4413 Orientalibus
1429 4356 1682 4426 partibus
1711 4352 2039 4424 Procopium

2142 3156 2252 3226 ψαν
2276 3156 2378 3226 τὴν
2407 3153 2620 3226 χώραν,
2656 3151 2950 3224 ἐλθόντες]
2984 3152 3075 3206 διὰ
3097 3151 3206 3206 τῶν
3245 3151 3419 3224 ὀρέων
3439 3151 3548 3204 τῶν
3575 3150 3732 3218 λεγο-

2144 3249 2324 3320 μένων
2375 3245 2625 3318 ’Δμανῶν
2649 3247 2716 3314 ³⁸,
2757 3245 2854 3300 καὶ
2883 3245 3064 3301 πάντα
3097 3245 3357 3310 λαϐόντες
3383 3245 3428 3277 ³⁸
3463 3242 3737 3315 ὑπέστρε-

2142 3339 2254 3410 ψαν
2285 3340 2366 3404 εἰς
2396 3338 2496 3410 τὴν
2521 3327 2823 3411 Ἰσαυρὶαν.

2231 3431 2356 3487 Ἐπὶ
2393 3432 2451 3486 δὲ
2480 3433 2581 3503 τῆς
2615 3431 2786 3502 αὐτῆς
2820 3431 3110 3495 Βασιλείας
3140 3430 3344 3485 ἔπαθεν
3393 3429 3500 3484 ὑπὸ
3529 3429 3737 3500 Θεομη-

2144 3525 2263 3590 νίας
2313 3524 2408 3578 καὶ
2462 3523 3036 3589 Κωνσταντινούπολις
3111 3523 3304 3596 πρώτη
3367 3521 3528 3596 [uno
3587 3519 3735 3592 τοῦ]

2147 3614 2398 3686 σεισμοῦ,
2451 3614 2584 3686 μηνὶ
2635 3613 2878 3685 Αὐδινέῳ
2899 3613 2945 3646 ³⁷
2996 3613 3076 3684 τῷ
3107 3615 3201 3667 καί
3261 3611 3610 3682 Ἰανουαρίῳ,
3657 3612 3738 3666 εί-
3825 3674 3830 3678 _

2147 3707 2270 3761 κάδι
2298 3707 2454 3778 ἕκτῃ.
2473 3706 2666 3770 νυκτὸς
2691 3748 2708 3774 ,
2733 3708 2828 3759 καὶ
2847 3705 3052 3760 ἔπεσαν
3071 3705 3116 3738 ³⁸
3143 3705 3252 3760 ἀπὸ
3272 3705 3384 3760 τῶν
3413 3704 3745 3776 λεγομένων·

2146 3798 2521 3870 Τρωαδησίων
2588 3797 2838 3869 ἐμϐόλων
2873 3798 2921 3832 ³³
2965 3797 3075 3862 ἓως
3122 3798 3220 3852 τοῦ
3273 3795 3739 3867 Χαλκοτετραπύ-

2145 3893 2239 3946 λου
2282 3891 2423 3964 (20),
2463 3890 2606 3947 ὥστε
2633 3890 2680 3924 ⁸ο
2725 3892 2754 3944 ὁ
2795 3889 3052 3962 βασιλεὺς
3090 3889 3434 3945 ἐλιτάνευσεν
3469 3889 3609 3962 μετὰ
3640 3889 3737 3943 τοῦ

2145 3971 2304 4056 ὄχλου
2344 3984 2440 4039 καὶ
2465 3985 2563 4057 τῆς
2592 3983 2900 4055 συγκλήτου
2933 3984 3026 4038 καὶ
3048 3982 3144 4036 τοῦ
3171 3983 3376 4056 κλήρου
3401 3981 3739 4053 ἀνυπόδητος

2146 4079 2241 4132 ἐπὶ
2279 4079 2386 4149 ήμὲ
2396 4094 2494 4150 ρας
2527 4077 2748 4141 πολλάς.

2232 4171 2320 4224 Ἐν
2363 4170 2419 4223 δὲ
2447 4169 2524 4241 τῷ
2557 4169 2707 4242 αὖτῷ
2735 4173 2915 4243 χρόνῳ
2939 4167 3105 4244 ἦλθεν
3141 4168 3398 4240 πολεμῶν
3441 4168 3740 4238 Ῥωμαίοις

2146 4255 2358 4321 Βλάσυς
2394 4255 2650 4326 βασιλεὺς
2695 4256 2923 4329 Περσῶν
2942 4274 2956 4288 ο
2995 4257 3092 4311 καὶ
3118 4258 3284 4326 γνοὺς
3307 4256 3484 4310 ταῦτα
3504 4257 3547 4288 ⁵¹
3577 4257 3604 4308 ὁ
3637 4253 3739 4324 βα-

2149 4350 2331 4412 σιλεὺς
2378 4348 2668 4421 Ῥωμαίων
2715 4349 2972 4419 ἐποίησεν
3016 4349 3401 4422 στρατηλάτην
3441 4347 3742 4416 Ἀνατολῆς

455 4449 773 4519 patricium,
829 4463 1065 4518 eumque
1099 4465 1224 4505 cum
1265 4447 1510 4504 exercitu
1543 4445 1714 4501 misit.
1772 4444 1870 4500 Cui
1901 4461 2041 4516 prac-

2147 4441 2240 4496 τὸν
2281 4441 2576 4514 πατρίκιον
2611 4443 2944 4512 Προκόπιον,
2976 4441 3072 4494 καὶ
3113 4440 3362 4511 ἔπεμψεν
3401 4440 3563 4492 αὑτὸν
3595 4439 3742 4509 μετὰ

455 4543 586 4597 lium
635 4541 872 4612 paranti,
934 4539 1085 4595 misit
1125 4539 1374 4594 nuntium
1414 4535 1727 4608 huiusmodi
1769 4550 1863 4590 rex
1913 4535 2042 4591 Per-

381 4657 392 4675 ι
453 4649 638 4689 sarum
659 4652 677 4688 :
708 4645 904 4702 nempe
931 4631 978 4686 si
1007 4630 1062 4685 in
1092 4630 1212 4701 ejus
1245 4636 1446 4686 cuncto
1474 4625 1719 4682 exercitu
1767 4626 1851 4680 vir
1877 4625 2038 4695 foret,

453 4728 546 4797 qui
576 4722 841 4797 singulari
874 4719 1184 4780 certamine
1209 4717 1436 4778 Persam
1485 4735 1517 4776 a
1573 4733 1636 4776 se
1691 4717 2041 4791 deligendum

457 4821 722 4886 vinceret,
777 4819 930 4888 pacis
985 4815 1136 4871 illico
1197 4815 1252 4870 in
1309 4813 1712 4885 quinquaginta
1758 4828 1933 4869 annos
1983 4828 2044 4870 se

455 4912 635 4970 fmdus
665 4926 788 4970 esse
815 4911 1084 4968 icturum:
1121 4907 1265 4979 quod
1311 4907 1355 4963 si
1392 4905 1670 4964 Romanus
1694 4906 2034 4974 vinceretur,

546 5118 592 5150 ³³
629 5116 764 5172 God.
796 5113 996 5168 πάντα.

2148 4533 2458 4600 ἐξπαιδίτου
2499 4533 2786 4605 πολεμεῖν.
2825 4533 3134 4597 Μέλλοντος
3181 4533 3240 4586 δέ
3278 4531 3446 4588 αὐτοῦ
3489 4531 3740 4602 συμϐάλ-

2145 4627 2281 4692 λειν,
2314 4625 2584 4697 ἐδήλωσεν
2611 4621 2761 4696 αὐτῷ
2789 4626 2816 4679 ὁ
2837 4624 3091 4696 βασιλεὺς
3127 4625 3376 4698 Περσῶν,
3406 4625 3489 4678 ὃτι
3525 4624 3586 4676 Εἰ
3620 4623 3738 4695 ἔχει

2145 4719 2266 4774 ὅλον
2287 4719 2348 4772 τὸ
2373 4717 2682 4785 ἐξπαίδιτόν
2707 4733 2801 4771 σου
2822 4718 2993 4790 ἄνδρα
3013 4717 3314 4788 δυνάμενον
3335 4717 3748 4788 μονομαχῆσαι,

2147 4812 2243 4866 καὶ
2265 4813 2517 4880 νικῆσαι,
2548 4811 2645 4864 ἕνα
2675 4811 2896 4882 Πέρσην
2923 4808 3370 4882 προϐαλλόμενον
3409 4808 3540 4880 παρ’
3576 4807 3741 4878 ἐμοῦ,

2146 4905 2352 4969 εὐθέως
2403 4903 2542 4958 ποιῶ
2573 4903 2644 4958 τὰ
2676 4903 2863 4958 πάκτα
2910 4902 3010 4974 τῆς
3051 4903 3276 4975 εἰρήνης
3303 4903 3396 4956 ἐπὶ
3445 4905 3490 4956 ν’
3515 4900 3647 4972 ἐτη’
3688 4903 3744 4956 εί

1101 5111 1166 5144 ³⁸·
1198 5110 1279 5186 Ita
1313 5111 1555 5186 legebam
1584 5111 1641 5186 in
1674 5114 1798 5186 cod.
1849 5109 2041 5186 SedM

2146 5113 2226 5186 las,
2257 5113 2364 5186 ὑπὸ
2399 5110 2736 5186 θεομηνίας,
2787 5127 2907 5182 quae
2938 5111 3175 5186 fortasse
3211 5111 3392 5186 verior
3429 5108 3736 5186 estulectio.

456 5188 589 5244 Nam
626 5189 708 5243 sic
744 5186 911 5240 etiam
941 5191 1129 5239 noster
1151 5179 1318 5253 paulo
1364 5179 1528 5253 infra.
1585 5181 1858 5253 _“_’ttbpta
1887 5183 2113 5253 quidem
2146 5185 2368 5238 evidens
2397 5195 2478 5238 est
2499 5179 2731 5250 iu'cod.,
2764 5179 2894 5240 ante
2921 5198 3050 5238 vero
3081 5184 3253 5253 latent
3287 5182 3496 5253 aliquot
3521 5179 3736 5253 litterae.

454 5257 718 5330 Sttpplevi
745 5255 930 5330 igitur.
953 5249 1365 5330 πραιηριξιυιεε
1388 5250 1554 5330 habet
1577 5249 1806 5330 θεῴρια.
1881 5251 1928 5284 ⁸⁵
1955 5253 2041 5330 De:

2146 5263 2159 5330 ι
2187 5253 2485 5330 apu‘il‘Mal.
2516 5255 2676 5330 verba
2831 5253 3146 5330 λεγρμένων
3177 5251 3454 5330 Ἀμανῷν.
3531 5249 3739 5330 Ἶροιι.

455 5319 738 5394 θνίἱιὶιιιει·
765 5319 1033 5390 λαϐότεξ.
1111 5325 1156 5358 ⁸⁷
1194 5321 1359 5379 Deest
1382 5323 1495 5394 hoc
1523 5319 1846 5394 vocabulum
1881 5323 2025 5392 apud

2146 5323 2180 5378 ι.
2223 5319 2238 5324 ’
2260 5324 2304 5356 ³⁸
2336 5323 2504 5380 Deest
2527 5326 2668 5394 apud
2699 5323 2824 5380 Mal.
2901 5319 2946 5356 δ’
2969 5319 3390 5379 ΜουάοεθΜιιΙ.
3423 5319 3736 5393 συμϐόλων.

459 5398 504 5430 ⁸⁸³
531 5393 666 5457 Cod.
691 5414 831 5464 οστι,
870 5395 994 5453 Mal.
1029 5396 1198 5459 ὅστις.
1296 5394 1341 5426 δι
1377 5393 1539 5451 Deest
1575 5393 1716 5464 apud
1749 5391 1875 5447 Mal.

528 5605 664 5689 (|_9°)
697 5605 948 5689 Supplevi
981 5621 1047 5660 ex
1079 5598 1270 5689 Malala
1311 5619 1367 5675 p.
1415 5603 1506 5670 ει,
1534 5601 1718 5689 .apud-
1758 5619 1920 5673 quem
1954 5605 2033 5660 le-

452 5687 660 5747 guntur
734 5683 898 5732 etiam
945 5683 1252 5747 sequentia
1299 5689 1434 5747 _non
1502 5683 1622 5729 sine
1664 5683 1884 5747 _lamen
1941 5691 2038 5747 va-

459 5743 764 5815 rietatibus,
811 5753 867 5804 ct
909 5743 1119 5819 aliquot
1173 5743 1314 5816 apud
1373 5747 1618 5801 nostrum
1663 5743 2034 5803 incrementis.

2211 5606 2325 5678 (εο)
2363 5607 2436 5663 De
2461 5607 2548 5664 his
2574 5607 2784 5664 duobus
2822 5607 3073 5662 aedifimis
3100 5603 3649 5678 iconsuleigatgiunr
3682 5603 3739 5657 in

2143 5673 2556 5748 Const'antinop.
2585 5678 2888 5734 clirist.lib.
2922 5695 2982 5734 ιι.
3007 5693 3058 5746 νι.
3088 5676 3191 5730 110
3229 5691 3289 5748 ct
3316 5675 3440 5731 {78.
3466 5673 3602 5730 Rem
3637 5673 3741 5731 lia-

2148 5747 2336 5806 bemus
2366 5747 2530 5806 etiam
2555 5749 2699 5820 apud
2731 5748 3044 5806 Chronicon
3070 5747 3348 5820 paschale.
