4086 6396
320 278 458 347 18ίῖ

1322 282 1547 348 FRAG.
1591 283 1705 347 III.
1746 284 2161 348 'I‘IIEODOSII
2198 289 2253 348 II
2300 289 2448 350 RES
2485 287 2770 354 GESTAE.

3464 281 3601 354 1813

314 397 373 451 δὲ
419 395 712 469 ἡττηθείη,
761 394 1065 465 λαμϐάνειν
1105 413 1173 467 με
1208 398 1544 470 κεντηνάρια
1573 397 1615 452 ν’
1646 399 1757 469 (21)
1780 414 1808 463 ,·
1842 401 1909 453 τά

2028 404 2410 475 ptinquaginta
2437 420 2497 460 se
2542 404 2807 459 librarum
2872 405 3183 461 centenaria
3223 413 3599 476 accepturum,

316 487 379 553 ea
410 485 568 552 ἔθους
599 486 976 557 παρεχόμενα.
1003 485 1225 540 Τούτων
1256 489 1551 556 δοξάντων,
1579 492 1915 562 προεϐάλετο

314 581 346 633 6
383 580 643 651 βασιλεὺς
667 578 898 651 Περσῶν
930 581 994 633 ἐκ
1013 579 1110 633 τοῦ
1154 581 1436 652 τάγματος
1464 583 1574 636 τῶν
1602 583 1914 653 λεγομένων

315 670 607 724 ἀθανάτων
651 664 870 741 Πέρσην
901 669 1125 742 ὀνόματι
1162 666 1240 744 [Γ.
1277 668 1366 726 68.
1401 671 1494 745 a.]
1537 673 1873 745 Ἀρδαζάνην
1896 693 1909 705 ·

313 764 367 816 οἱ
396 763 453 816 δὲ
486 760 751 834 Ῥωμαῖοι
795 760 1135 834 ’Ᾱρεόόινδον
1171 765 1263 818 τὸν
1309 764 1532 833 Γόθθον,
1589 765 1821 839 κόμιταν
1869 769 1914 799 δ’

315 855 660 926 φοιδεράτων
697 853 835 925 (9.2).
873 856 984 909 Καὶ
1018 854 1248 928 ἐξῆλθον
1290 852 1341 909 οἱ
1383 857 1477 911 δύο
1527 858 1760 928 ἔφιπποι
1822 860 1916 913 καὶ

313 946 536 1001 ἔνοπλοι
568 960 584 979 ⁸
639 949 668 1001 6
711 945 769 1002 δὲ
817 948 1154 1017 Ἀρεόὸινδος
1209 948 1514 1004 ὲῦάστασιν
1559 951 1653 1005 καὶ
1710 951 1913 1005 σόκκα-

317 1056 407 1109 ριν
440 1040 552 1110 (9.5)
578 1042 721 1095 κατὰ
747 1041 811 1094 τὸ
841 1041 1104 1095 Γοθθικὶν
1136 1041 1278 1105 ἔθος.
1310 1042 1536 1113 Πρῶτος
1557 1043 1613 1097 δὲ
1643 1045 1671 1096 ό
1693 1044 1914 1114 Πέρσης

314 1126 587 1203 ὥρμησεν
617 1133 758 1203 μετὰ
796 1134 889 1188 τοῦ
928 1134 1122 1188 κόντου
1144 1152 1159 1166 ο
1191 1136 1285 1188 καὶ
1324 1136 1637 1205 πλαγιάσας
1664 1139 1691 1191 6
1732 1138 1913 1207 Ἀρεό-

317 1222 499 1288 δινδος
532 1224 625 1277 ἐπὶ
656 1225 720 1278 τὺ
745 1225 919 1293 δεξιὸν
942 1225 1110 1281 αὐτοῦ
1137 1227 1304 1298 μέρος
1324 1270 1337 1293 ,
1369 1228 1699 1281 ὲσόκκευσεν
1727 1229 1911 1294 αὑτὸν,

316 1316 420 1371 καὶ
479 1318 825 1387 κατήνεγκεν
877 1320 944 1371 ἐκ
993 1320 1087 1373 τοῦ
1135 1320 1337 1386 ἵππου,
1384 1321 1479 1374 καὶ
1510 1320 1746 1390 ἔσφαξεν
1773 1338 1787 1352 ο
1820 1322 1914 1375 καὶ

316 1406 510 1463 λοιπὸν
540 1411 568 1463 6
605 1408 866 1480 βασιλεὺς
889 1412 1118 1483 Περσῶν
1148 1412 1409 1483 ἐποίησεν
1441 1411 1629 1467 πάκτα
1653 1416 1910 1485 εἰρήνης’

318 1504 419 1558 καὶ
451 1504 694 1560 ἀνελθὼν
723 1506 864 1576 μετὰ
884 1508 983 1579 τὴν
1025 1508 1187 1580 νίκην
1213 1510 1242 1562 6
1273 1510 1439 1573 αὐτὸς
1484 1508 1823 1582 Ἀρεόϐινδος
1856 1513 1914 1565 ἐν

318 1592 921 1659 Κωνσταντινουπόλει,
981 1598 1100 1668 ἅμα
1153 1599 1231 1669 τῷ
1294 1600 1642 1672 στρατηλάτῃ
1691 1602 1900 1671 Προκο-

320 1684 454 1756 πίῳ,
490 1688 585 1741 καὶ
608 1688 962 1760 εὐχαρισθεὶς
996 1691 1148 1763 παρὰ
1191 1691 1288 1745 τοῦ
1332 1692 1628 1764 βασιλέως,
1659 1693 1912 1766 προήχθη

320 1774 552 1843 ὕπατος.

405 1868 466 1923 Ὅ
496 1868 554 1923 δὲ
587 1868 753 1935 αὐτὸς
795 1868 1056 1944 βασιλεὺς
1085 1874 1343 1947 ἐποίησεν
1374 1878 1669 1949 ἐπαρχίαν,
1705 1882 1917 1949 ἀπομε-

325 1963 484 2036 ρίσας
512 1963 622 2019 ἀπὸ
655 1965 756 2034 τῆς
788 1967 1123 2036 Λυκαονίας,
1158 1970 1352 2040 ἥντινα
1384 1971 1645 2025 ἐκάλεσεν
1682 1972 1912 2036 Λυκίαν,

321 2053 504 2117 δώσας
530 2054 741 2108 δίκαιον
784 2058 1204 2130 μητροπόλεως,
1250 2061 1346 2113 κα).
1388 2062 1627 2131 ἄρχοντα
1656 2065 1723 2133 τῇ
1770 2062 1920 2130 λεγο-

327 2146 476 2220 μένῃ
521 2147 678 2201 πόλει
731 2148 901 2222 Μύρα
950 2150 1055 2221 τῆς
1090 2152 1263 2221 αὐτῆς
1300 2154 1530 2217 Λυκίας,
1579 2154 1709 2208 ἔνθα
1770 2155 1920 2207 ἐστὶν

312 2236 465 2291 ’Θεοῦ
528 2239 869 2313 μυστήριον,
926 2241 1052 2314 ὄρος
1105 2244 1296 2298 τίκτον
1326 2244 1373 2276 ⁸³
1405 2245 1520 2316 πῦρ
1587 2247 1918 2316 αὐτόματον.

336 2327 581 2402 Ὁμοίως
607 2332 663 2385 δὲ
695 2330 723 2386 6
764 2333 930 2399 αὐτὸς
982 2334 1242 2407 βασιλεὺς
1292 2337 1388 2391 κα)¹
1434 2338 1635 2410 Συρίαν
1663 2338 1923 2409 δευτέραν

324 2421 677 2495 ἀπομερίσας
709 2420 818 2479 ἀπὸ
847 2426 947 2497 τῆς
988 2425 1240 2499 πρώτης,
1272 2428 1533 2497 ἐποίησεν
1557 2430 1831 2501 ἐπαρχίαν
1856 2433 1925 2494 ι’,

324 2514 508 2579 δώσας
534 2516 746 2571 δίκαιον
776 2513 1194 2589 μητροπόλεως,
1231 2520 1327 2575 καὶ
1368 2522 1647 2593 ’Λπαμεία
1667 2524 1734 2594 τῇ
1770 2522 1925 2575 πόλει

327 2604 590 2679 ἄρχοντα.
627 2610 739 2663 Καὶ
773 2610 1037 2666 Κιλικίαν
1064 2612 1109 2646 ⁸⁵
1143 2613 1405 2685 δευτέραν
1438 2615 1789 2686 ἀπομερίσας
1816 2614 1925 2668 ἀπὸ

325 2700 432 2771 τῆς
482 2699 743 2772 πρώτης,
800 2704 1059 2774 ἐποίησεν
1111 2705 1418 2776 ἐπαρχίαν,
1479 2706 1658 2770 δώσας
1716 2706 1927 2760 δίκαιον

329 2792 756 2864 μητροπόλεως,
806 2794 905 2848 καὶ
946 2794 1186 2865 ἄρχοντα
1230 2796 1552 2867 Ἀναξάρϐῳ
1600 2798 1669 2867 τῇ
1723 2797 1877 2850 πόλει
1909 2812 1923 2824 ·

328 2882 430 2937 καὶ
461 2882 631 2955 ἄλλην
661 2885 935 2956 ἐπαρχίαν
968 2887 1318 2959 ἀπομερίσας
1350 2888 1462 2941 ἀπὸ
1504 2888 1605 2957 τῆς
1647 2887 1925 2954 Βιθυνίαῖθ

326 2974 398 3044 ἦν
433 2993 555 3029 τινα
582 2975 845 3030 ἐκάλεσεν
885 2977 1194 3051 Ὀνωριάδα
1217 2979 1262 3011 ⁸⁸
1290 2980 1369 3043 είς
1399 2979 1574 3050 ὄνομα
1619 2978 1715 3032 τοῦ
1760 2979 1927 3033 αὐτοῦ

328 3060 479 3119 θείου
522 3066 808 3138 Ὀνωρίου,
853 3061 1035 3133 δώσας
1089 3070 1300 3124 δίκαιον
1356 3070 1773 3141 μητροπόλεως,
1830 3070 1929 3125 καὶ

330 3158 570 3229 ἄρχοντα
621 3159 923 3232 Ἡρακλείᾳ
953 3164 1021 3233 τῇ
1062 3161 1216 3216 πόλει
1251 3163 1352 3233 τῆς
1375 3162 1604 3218 Πόντου.

414 3250 537 3302 Ἐπὶ
569 3251 625 3303 δὲ
670 3252 770 3321 τῆς
814 3252 982 3306 αὑτοῦ
1016 3236 1300 3324 βασιλείας
1329 3254 1656 3308 ὲπεθολοῦτο
1697 3254 1766 3309 τὰ
1796 3256 1927 3327 περὶ

326 3337 631 3411 Νεστορίου
666 3342 803 3411 (24)“
833 3344 930 3395 καὶ
971 3345 1220 3415 ταραχῆς
1261 3345 1575 3416 γεναμένης
1612 3346 1671 3398 ἐν
1703 3345 1781 3416 τῷ
1803 3347 1927 3415 ὀμι-

327 3429 444 3485 λείν
476 3433 660 3495 αὑτὸν,
694 3434 1022 3506 ἠναγκάσθη
1055 3438 1083 3488 6
1132 3437 1297 3498 αὐτὸς
1344 3436 1628 3500 Θεοδόσιος
1670 3436 1928 3506 βασιλεὺς

331 3526 778 3581 ἀνακαλέσασθαι
825 3529 923 3599 τὴν
971 3527 1192 3583 σύνοδον
1221 3528 1332 3581 τῶν
1384 3526 1471 3599 σμ’
1503 3530 1823 3582 ἐπισκόπων
1868 3532 1928 3583 ὲν

342 3616 559 3688 Ἐφέσῳ
592 3620 737 3673 κατὰ
768 3619 864 3672 τοῦ
892 3619 1061 3673 αὑτοῦ
1092 3619 1415 3688 Νεστορίουο
1449 3620 1545 3672 καὶ
1573 3620 1928 3683 καθείλαντες

330 3709 584 3776 ὲξέὸαλον
615 3709 709 3765 τὸν
740 3711 903 3765 αὑτὸν
934 3711 1235 3784 Νεστόριον
1264 3710 1372 3765 ἀπὸ
1402 3711 1513 3767 τῶν
1536 3711 1697 3783 ἱερῶν
1728 3711 1931 3767 δυπτύ-

329 3819 446 3875 χων
482 3800 647 3882 (25).,

414 3896 505 3949 Ἐν
536 3896 688 3967 αὐτῷ
713 3897 771 3950 δὲ
806 3897 986 3969 καιρῷ
1012 3899 1073 3951 ὲν
1101 3902 1167 3970 τῇ
1209 3898 1398 3971 Ῥώμῃ
1430 3899 1701 3968 διάγουσα
1720 3900 1869 3970 χήρα
1895 3899 1928 3969 ή

328 3987 596 4043 δέσποινα
647 3989 897 4055 Εὑδοξία,
930 3992 964 4062 ἡ
1002 3992 1283 4062 γεναμένη
1334 3991 1473 4064 γυνὴ
1506 3992 1548 4023 ⁸⁷
1580 3993 1932 4046 Βαλεντινια-

330 4081 426 4136 νοῦ
473 4078 767 4152 βασιλέως,
803 4082 1054 4154 θυγάτηρ
1100 4084 1158 4136 δὲ
1199 4083 1484 4137 Θεοδοσίου
1513 4087 1609 4137 καὶ
1640 4084 1929 4149 Εὐδοκίας,

329 4173 650 4245 λυπουμένη
679 4174 822 4227 κατὰ
849 4175 1108 4245 Μαξίμου
1136 4174 1231 4229 τοῦ
1267 4176 1559 4248 τυράννου,
1597 4178 1692 4230 τοῦ
1726 4177 1934 4247 φονεύ·

332 4282 534 4329 σαντος
565 4266 659 4320 τὸν
713 4267 882 4338 ἄνδρα
931 4268 1129 4337 αὐτῆς,
1164 4269 1264 4321 καὶ
1307 4268 1754 4339 βασιλεύσαντος,
1795 4288 1934 4342 προ-

2016 496 2267 566 qumjam
2307 498 2465 566 pendi
2516 497 2788 554 solebant.
2825 498 3158 555 Couditione
3202 510 3451 569 accepta,
3504 514 3600 555 rex

2015 588 2306 644 Persarum
2339 589 2542 660 delegit
2572 590 2640 646 de
2673 588 2915 663 agmine,
2953 595 3095 661 quod
3141 592 3345 648 dicitur
3375 592 3606 645 immor-

2019 682 2229 747 talium,
2256 682 2430 736 virmn
2460 681 2686 737 Persam
2711 685 2931 739 nomine
2960 684 3302 739 Ardazanem
3328 700 3344 750 ;
3370 682 3602 736 Romani

2018 787 2147 827 vero
2179 772 2550 828 Areobindum
2588 772 2854 840 Gothum,
2896 773 3288 829 fmderatorum
3318 773 3600 829 comitem.

2018 865 2261 934 Uterque
2292 865 2457 934 igitur
2491 866 2542 919 iu
2578 865 2735 935 equis
2763 875 3013 921 armatus
3066 866 3293 935 prodiit.
3328 864 3601 920 Areobin-

2017 956 2121 1013 dus
2149 968 2329 1011 autem
2358 957 2626 1011 soccarim
2661 973 2879 1028 quoque
2924 972 3075 1012 more
3125 955 3359 1012 Gothico
3410 970 3600 1009 secum

2020 1049 2160 1102 tulit.
2192 1040 2407 1101 Primus
2430 1062 2552 1100 cum
2586 1056 2749 1103 conto
2796 1046 2923 1101 fecit
2973 1047 3232 1115 impetum
3268 1043 3459 1108 Persa;
3505 1042 3604 1097 sed

2016 1140 2387 1196 Areobindus.
2416 1139 2763 1195 dextrorsum
2798 1140 2850 1194 in
2880 1138 3025 1197 latus
3077 1148 3250 1192 seruet
3289 1136 3603 1204 obliquatis.

2018 1230 2285 1286 soccarim
2346 1228 2528 1282 Persae
2581 1227 2793 1298 injecit,
2856 1228 3275 1294 detractumque
3333 1238 3399 1277 ex
3461 1235 3601 1285 equo

2019 1321 2319 1377 interemit.
2346 1320 2503 1386 Quod
2537 1335 2666 1390 ergo
2690 1319 2961 1388 reliquum
3000 1325 3143 1381 erat,
3179 1330 3271 1369 rex
3308 1312 3601 1367 Persarum

2018 1415 2170 1484 pacis
2224 1412 2401 1468 {tellus
2467 1409 2797 1477 composuit.
2856 1410 2979 1478 Ipse
3035 1415 3219 1461 autem
3284 1420 3314 1457 a
3372 1400 3599 1457 victoria

2020 1507 2240 1561 rediens
2270 1503 2632 1559 'Areobiudus
2685 1499 3238 1570 Constantinopolim,
3288 1511 3412 1551 cum
3463 1498 3602 1547 duce

2017 1597 2309 1669 Procopio,
2351 1598 2541 1669 gratiis
2562 1595 2611 1652 ei
2647 1597 2715 1659 ab
2763 1595 3004 1664 Augusto
3050 1591 3211 1657 actis,
3273 1588 3453 1645 factus
3513 1591 3602 1640 est

2018 1691 2232 1749 consul.

2090 1872 2239 1932 ldem
2313 1876 2615 1947 imperator
2681 1886 2880 1929 novam
2940 1868 3277 1941 provinciam
3357 1863 3506 1929 fecit,
3567 1878 3599 1919 a

2019 1969 2293 2041 Lycaonia
2327 1967 2678 2032 abscindens,
2709 1980 2873 2036 quam
2897 1963 3118 2035 Lyciam
3142 1959 3455 2031 appellavit,
3478 1958 3608 2011 dato

2020 2062 2070 2117 ei
2100 2063 2224 2133 jure
2251 2059 2640 2131 metropoleos,
2681 2069 2733 2114 et
2760 2059 2994 2126 praeside
3022 2058 3141 2111 urbi
3171 2053 3449 2124 Myrorum
3469 2050 3610 2116 ejus-

2023 2154 2147 2208 dem
2181 2152 2387 2225 Lyciae,
2428 2151 2522 2206 ubi
2563 2159 2619 2205 et
2680 2149 2875 2204 visitur
2904 2146 3002 2201 Dei
3053 2143 3401 2207 miraculum,
3453 2154 3612 2194 mons

2023 2260 2383 2324 Spontaneum
2423 2246 2603 2315 ignem
2632 2241 2971 2315 parturiens.
3023 2240 3200 2309 [Eque
3241 2239 3383 2293 idem
3438 2236 3612 2304 impe-

2027 2358 2178 2403 rator
2200 2343 2416 2413 Syriam
2440 2339 2738 2397 secundam
2778 2352 2809 2391 a
2858 2336 3034 2399 prima
3062 2346 3349 2401 separans,
3404 2342 3604 2384 novatn

2028 2434 2156 2490 fecit
2180 2427 2694 2501 provinciam,dato
2719 2424 2925 2496 pariter
2957 2420 3320 2490 metropoleos
3369 2418 3515 2488 jure.
3550 2425 3607 2469 et

2030 2527 2146 2582 urbi
2169 2526 2419 2594 Apamea-
2466 2518 2721 2591 praeside.
2777 2515 3028 2571 Ciliciam
3081 2513 3207 2566 item
3251 2509 3542 2565 secundam
3580 2521 3612 2559 a

2028 2620 2206 2690 prima
2235 2613 2497 2683 sejuuxit,
2542 2609 2881 2681 provinciam
2929 2621 3122 2662 novam
3172 2600 3431 2665 elﬁciens,
3480 2613 3616 2654 con-

2030 2725 2186 2767 cesso
2212 2707 2335 2778 jure
2364 2701 2751 2774 metropoleos,
2788 2709 2844 2755 et
2888 2697 3177 2753 Auazarbu
3208 2693 3328 2749 urbi
3366 2691 3616 2763 pra-side.

2031 2799 2279 2869 Denique
2333 2806 2389 2851 et
2448 2794 2610 2848 aliam
2666 2790 3005 2862 provinciam
3054 2803 3082 2841 a
3117 2784 3369 2856 Bithynia
3395 2780 3616 2847 avulsit,

2030 2905 2195 2963 quam
2247 2884 2614 2944 llonoriadem
2656 2884 2724 2939 de
2779 2880 2956 2951 patrui
2996 2879 3079 2933 sui
3117 2875 3342 2932 llonorii
3398 2872 3619 2927 neruiue

2033 2982 2196 3047 dixit,
2236 2994 2346 3034 non
2372 2978 2492 3033 sine
2513 2975 2633 3045 jure
2660 2970 3050 3040 tnetrupuleos,
3082 2967 3452 3036 attributoque
3477 2977 3620 3036 prte-

2032 3074 2153 3130 side
2189 3070 2433 3127 Ponticae
2466 3068 2586 3123 urbi
2618 3064 2918 3121 Heraclea.

2102 3257 2305 3312 Eodem
2342 3261 2629 3324 regnante,
2682 3248 2924 3305 Nestorii
2981 3244 3328 3319 perturbatio
3369 3240 3620 3311 contigit.

2033 3349 2290 3405 Tumultu
2346 3349 2493 3403 enim
2529 3360 2595 3400 ex
2643 3344 2891 3416 ejusdem
2928 3342 3192 3398 concione
3225 3347 3435 3417 coorto,
3493 3350 3624 3390 coa-

2035 3454 2159 3498 ctus
2231 3449 2316 3496 est
2373 3435 2720 3495 Theodosius
2760 3449 3070 3493 convocare
3128 3431 3422 3488 concilium
3491 3443 3627 3484 (:ch

2033 3536 2425 3603 episcoporum
2479 3531 2683 3599 Ephesi
2728 3531 2997 3585 adversus
3054 3528 3232 3597 ipsum
3290 3523 3624 3580 Nestorium.

2032 3622 2225 3692 Itaque
2258 3622 2543 3690 depositus
2577 3619 2679 3674 fuit
2709 3619 3094 3689 diptychisque
3134 3623 3441 3684 expunctus
3482 3610 3629 3667 idem

2032 3710 2339 3769 Nestorius.
2784 3727 2787 3731 ν

2106 3898 2213 3953 Per
2272 3895 2417 3951 idem
2449 3903 2665 3962 tempus
2703 3892 2865 3947 vidua
2903 3892 3092 3966 Romae
3149 3891 3353 3960 degens
3407 3886 3630 3942 domina

2035 3989 2303 4055 Eudoxio,
2349 4002 2472 4056 qua:
2541 3984 2906 4042 Valentiniani
2956 3982 3187 4053 Augusti
3248 3996 3384 4035 uxor
3430 3978 3628 4044 fuerat,

2039 4084 2150 4137 lilia
2184 4091 2370 4135 autem
2424 4077 2720 4134 Theodosii
2754 4086 2809 4131 et
2837 4076 3115 4138 Endocia’,
3154 4075 3400 4143 iramque
3444 4072 3632 4128 fovens

2039 4184 2229 4231 contra
2262 4185 2551 4245 tyrannum
2579 4170 2896 4235 Maximum,
2925 4170 3015 4239 qui
3047 4168 3162 4221 viro
3193 4183 3290 4221 suo
3322 4165 3631 4229 interfecto,

2041 4267 2330 4338 imperium
2391 4264 2749 4335 arripuerat,
2817 4259 3218 4316 Genserichum
3292 4256 3633 4322 Vandalum,

331 4355 603 4428 ετρέψατο
652 4358 959 4430 Γινζίριχον
1014 4360 1107 4414 τὸν
1156 4361 1463 4414 Οὑάνδαλον
1498 4361 1588 4413 τὸν
1643 4359 1788 4431 ρἦα
1837 4362 1924 4432 τῆς

2040 4359 2242 4415 African
2300 4372 2506 4429 regem,
2553 4354 2949 4418 exstimulavit,
3001 4364 3061 4407 ut
3105 4362 3297 4407 contra
3334 4350 3633 4405 Maximum

344 4449 616 4520 Ἀφρικῆς
649 4450 822 4507 ἐλθεῖν
855 4455 998 4507 κατὰ
1032 4454 1291 4524 Μαξίμου
1323 4454 1612 4524 βασιλέως,
1643 4454 1738 4509 καὶ
1767 4454 1812 4486 ⁸⁸
1838 4454 1937 4525 τῆς

343 4541 588 4612 Ῥώμηςο
623 4546 773 4607 ὅστις
816 4545 1084 4616 ἐξαίφνης
1116 4546 1372 4615 εἰσῆλθεν
1412 4548 1470 4599 ἐν
1503 4548 1571 4617 τῇ
1608 4544 1763 4598 πόλει
1796 4545 1937 4598 Ῥώ-

339 4655 417 4710 μῃ
454 4637 595 4710 μετὰ
625 4635 890 4706 πλήθους,
917 4638 1012 4690 καὶ
1034 4637 1317 4708 παρέλαϐε
1369 4639 1468 4709 τὴν
1499 4639 1655 4693 πόλιν
1691 4637 1932 4710 Ῥώμην,

336 4732 435 4784 καὶ
476 4731 771 4799 ἐφόνευσεν
810 4729 903 4783 τὸν
953 4729 1210 4800 Μάξιμον
1264 4730 1522 4804 βασιλέα,
1566 4733 1664 4787 καὶ
1723 4733 1935 4797 πάντας

336 4820 526 4877 eum.
534 4839 613 4877 σε.
964 4822 967 4825 ⁷

411 4979 459 5010 ⁸³
487 4978 604 5034 Cud
665 4979 773 5033 hic.
826 4978 1052 5049 κόμιτα.

2045 4454 2439 4520 imperatorem
2504 4448 2849 4516 Romamque
2909 4446 3168 4500 veniret:
3232 4444 3386 4512 isque
3454 4443 3635 4497 subito

2043 4528 2356 4608 accedens,
2408 4537 2712 4595 Romanam
2757 4538 2947 4593 urbem
2979 4537 3285 4606 occupavit,
3337 4533 3636 4588 Maximum

2047 4637 2439 4707 imperatorem
2471 4635 2693 4700 occidit,
2727 4644 2782 4689 et
2805 4632 3113 4703 generalem
3157 4642 3396 4702 stragem
3442 4628 3636 4683 edidit.

1153 4979 1212 5069 ”‘
1251 4979 1618 5069 Deest—apud
1668 4978 1794 5069 Ala].
1822 4980 1923 5069 δρο

2028 4979 2211 5034 ςίκτον.
2251 4979 2343 5034 Est
2395 4986 2576 5034 autem
2628 4978 2714 5034 hic
2762 4976 3084 5033 notissimus
3133 4989 3287 5029 tuens
3339 4971 3634 5029 Chimrera.
3724 4966 3727 4969 ’

2112 5049 2157 5069 ιι
2183 5049 2249 5069 ρ,
2276 5053 2293 5069 ρ
2360 5050 2552 5069 ____,n-
2574 5063 2616 5069 --
2682 5050 2727 5069 ιλ
2756 5049 2879 5069 “re.
3030 5045 3076 5069 ια
3107 5047 3356 5069 ιι..-..ι,.,--
3413 5040 3636 5069 ιι..ι..1....

337 5049 387 5081 ⁵⁸
428 5049 839 5121 Mal.tnctnluse
869 5049 1243 5121 tantunrdmo
1270 5051 1372 5113 τῆς
1418 5049 1646 5121 πρώτης
1692 5049 1985 5121 ἐπαρχίας.

2110 5049 2157 5082 ⁸⁸
2182 5049 2315 5105 Cod.
2360 5050 2620 5104 mendose
2669 5049 2902 5102 Λυκίαν.
3030 5045 3076 5079 ⁸⁸
3107 5047 3358 5099 Mendnsc
3412 5040 3638 5100 Malalas

348 5120 640 5191 Ὀνωρίδα.
717 5118 763 5152 ⁸⁷
798 5120 1061 5176 Perverse
1091 5108 1367 5192 Malalas
1399 5108 1671 5192 γενομένη
1707 5108 1875 5193 χήρσίῑ

2033 5118 2171 5177 Male
2205 5121 2483 5178 connectit
2522 5116 2744 5174 Malalas
2780 5117 3045 5189 βασιλέως
3074 5117 3175 5187 τῆς
3214 5115 3458 5187 Ῥώμης.

407 5300 521 5371 (21)
551 5300 809 5371 Pericopa
841 5316 871 5355 a
909 5301 1092 5357 verbis
1117 5302 1167 5354 εί
1206 5301 1263 5354 δὲ
1297 5304 1452 5358 deest
1482 5301 1621 5371 apud
1648 5300 1921 5368 Malalam;

342 5383 522 5426 exstat
556 5383 735 5442 tamen
773 5374 824 5427 in
855 5372 1045 5426 codice
1094 5376 1344 5442 quamvis
1379 5374 1471 5428 hic
1522 5373 1719 5442 partim
1770 5373 1937 5426 oblit-

348 5453 545 5505 terato,
575 5441 662 5495 cui
694 5446 974 5512 suppetias
1027 5443 1130 5497 fert
1159 5440 1807 5509 llatuartolus'ineditus,
1840 5443 1937 5512 qui

349 5516 459 5585 hoc
479 5513 604 5585 loco
635 5527 755 5566 cum
782 5515 971 5585 codice
1000 5523 1190 5569 nostro
1227 5517 1506 5585 congruit.

413 5581 527 5653 (2:!)
557 5580 765 5655 Nempe
805 5583 1132 5655 Gothorum,
1169 5585 1260 5655 qui
1283 5580 1494 5654 jaindiu
1540 5593 1700 5640 erant
1739 5584 1937 5638 Roma-

345 5652 541 5711 norum
573 5652 842 5709 fmderati.

417 5723 510 5794 (25
544 5723 622 5779 En
658 5739 840 5780 veram
864 5728 1192 5799 scripturam
1231 5727 1520 5800 σόκκαριν,
1550 5743 1669 5799 qua:
1705 5728 1938 5785 aliorum

2035 5311 2319 5357 auctorum
2351 5302 2609 5357 mendosa
2645 5299 2904 5353 voeabula
2954 5296 3249 5366 coarguit,
3277 5295 3404 5348 Erat
3445 5302 3632 5366 autem

2047 5373 2098 5425 id
2132 5374 2307 5442 laquei
2349 5387 2544 5441 genus,
2575 5386 2681 5440 quo
2709 5370 2872 5425 GOthi
2899 5364 3206 5442 utebantur
3236 5365 3303 5442 [τι.
3329 5364 3633 5442 praeliis-ad

2049 5432 2232 5497 hostes
2270 5432 2617 5500 irrctieud'os'.
2666 5450 2722 5495 et
2756 5443 2834 5495 sic
2892 5438 3105 5492 facilius
3149 5436 3502 5492 (ccidendos.
3538 5432 3639 5490 Le-

2047 5527 2208 5583 gatur
2233 5515 2318 5567 hic
2340 5512 2641 5567 Chilmeadi
2677 5510 2960 5583 adnotatio
2991 5510 3057 5564 ad
3092 5506 3367 5565 Malalam.

2125 5583 2237 5649 (2i)
2274 5583 2446 5638 Paulo
2487 5583 2649 5637 aliter
2681 5581 2926 5634 Malalas.

2124 5656 2236 5727 (25)
2276 5655 2408 5711 ltcm
2441 5654 2599 5711 aliter
2628 5652 2871 5707 Malalas.
