4086 6398
327 523 543 578 σέσωκὲ
562 539 621 577 σε
639 540 652 554 ο
676 522 912 591 πορεύου
932 524 1010 586 εἰς
1041 524 1291 594 εἰρήνην,
1325 543 1343 576 ι
1367 528 1465 595 τῆς
1498 528 1926 600 μακαριωτάτης

324 613 638 676 ἀπαθείαςο
686 612 782 665 καὶ
826 612 926 665 ὅσα
967 614 1359 685 τοιουτότροπα
1379 632 1394 646 ο
1419 616 1513 668 καὶ
1541 618 1600 669 ἐν
1631 616 1710 688 τῷ
1736 617 1924 688 σπόρῳ

326 725 399 760 πε
411 707 603 778 ρκάσει
632 707 665 777 ἡ
702 703 981 776 σταφυλή·
1016 706 1109 759 καὶ
1136 706 1274 760 κατά
1307 707 1406 778 τὴν
1448 708 1627 761 πίστιν
1651 708 1806 778 ὐμῶν
1828 727 1915 777 γε-

324 801 551 872 νηθήτω
580 799 731 868 ύμῖν.

403 899 503 958 ις’.
550 893 785 945 Ὀπόταν
828 891 1084 962 ἐπαχθῶς
1115 891 1251 963 πρὸς
1297 891 1367 945 τὰ
1396 892 1542 963 πάθη
1562 894 1918 965 διακείμενοι,

331 985 695 1057 σφοδρότερον
726 986 840 1047 τοῖς
867 986 1116 1055 αἰσχροῖς
1139 983 1519 1055 ἐνθυμήμασιν
1536 985 1643 1039 ὐπὺ
1671 987 1781 1040 τῶν
1813 987 1924 1040 δαι-

332 1079 513 1148 μόνων
566 1074 878 1147 όχλώμεθα,
935 1075 1057 1128 τότε
1092 1074 1293 1144 μᾶλλον
1326 1076 1407 1139 είς
1437 1076 1537 1147 τὴν
1571 1075 1668 1129 τοῦ
1715 1078 1924 1148 Κυρίου

330 1167 706 1240 στηριζόμεθα
740 1169 947 1234 πίστιν,
1009 1168 1104 1220 καὶ
1155 1166 1529 1238 βεϐαιωτέραν
1556 1167 1660 1237 τὴν
1692 1167 1832 1239 πρὸς
1857 1168 1927 1221 τὰ

332 1258 724 1331 ἐπηγγελμένα
749 1257 946 1314 αίώνια
976 1258 1157 1328 ἀγαθά
1211 1257 1558 1329 καθιστῶμεν
1593 1259 1784 1313 ἐλπίδα
1808 1278 1820 1292 ·
1849 1253 1927 1313 ῶν

331 1352 775 1423 ἀποστερηθῆναι
797 1353 946 1422 ἡμᾶς
978 1350 1029 1404 οῖ
1049 1350 1259 1423 ἐχθροὶ,
1287 1352 1381 1407 καὶ
1410 1352 1925 1424 ἀπαλλοτριωθῆναι

333 1444 422 1497 διά
449 1442 553 1513 τῆς
589 1442 891 1511 βασκανίας
933 1443 1365 1508 σπουδάζουσιν·
1426 1444 1474 1496 εἰ
1525 1445 1599 1513 μὴ
1648 1444 1759 1516 γάρ
1804 1446 1926 1499 λίαν

337 1537 573 1606 μέγιστα
598 1531 665 1606 ἦν
696 1535 877 1588 ἐκεῖνα
908 1535 977 1587 τά
999 1535 1202 1604 ἀγαθὰ,
1246 1536 1346 1588 οὐκ
1374 1536 1440 1589 ἀν
1478 1534 1659 1606 φθόνῳ
1688 1536 1924 1604 τοσούτῳ

334 1629 460 1683 καθ’
494 1628 652 1699 ἡμῶν
677 1629 726 1681 οί
754 1628 1012 1697 δαίμονες
1062 1628 1425 1692 ἐκκαυθέντες
1445 1669 1462 1694 ,
1493 1630 1608 1692 τοῖς
1656 1630 1925 1700 ῥυπαροῖς

334 1721 617 1792 λογισμοῖς
644 1719 824 1774 πυκνά
841 1718 1217 1786 κατετόξευον,
1247 1721 1355 1774 κάν
1388 1719 1564 1791 τούτῳ
1588 1720 1686 1791 τὴν
1711 1721 1935 1776 ἑαυτῶν

337 1814 538 1885 μανίαν
570 1813 937 1885 πληροφορεῖν
964 1810 1268 1877 δοκοῦντες,
1306 1813 1402 1866 καὶ
1447 1813 1584 1883 πρὸς
1608 1812 1924 1881 ἀπόγνωσιν

334 1907 485 1976 ἡμᾶς
512 1904 857 1960 συνελαύνειν
888 1904 1221 1978 νομίζοντες,
1250 1904 1337 1958 διά
1364 1904 1466 1974 τῆς
1499 1905 1778 1977 ἀφορήτου
1827 1906 1924 1960 καὶ

338 1997 542 2069 πολλῆς
570 1998 872 2068 ὀχλήσεως.

412 2088 499 2153 ιζ’.
533 2090 739 2142 Γνῶσιν
769 2089 1147 2161 ἀληθεστάτην
1172 2093 1317 2155 τινες
1361 2091 1628 2163 ὑπάρχειν
1652 2094 1754 2165 τὴν
1782 2095 1924 2164 πρᾶ-

337 2181 423 2249 ξιν
446 2180 741 2253 ὁρίζονται.
773 2181 1120 2238 Σπουδάσατε
1165 2184 1345 2237 τοίνυν
1378 2184 1581 2255 μᾶλλον
1605 2187 1717 2250 τοῖς
1737 2184 1923 2257 ἔργοις

328 2264 427 2318 καί⁵
455 2263 643 2318 πίστιν
692 2266 789 2320 καὶ
812 2267 1020 2335 γνῶσιν
1067 2268 1441 2324 ἐνδείκνυσθαι
1466 2286 1482 2301 ο
1525 2272 1555 2325 6
1591 2270 1702 2342 γάρ
1728 2271 1798 2346 δὴ
1830 2272 1926 2327 ἐπὶ

327 2359 396 2429 τῇ
425 2356 627 2427 γνώσει
661 2357 801 2431 μόνῃ
849 2360 1238 2431 τετυφωμένος
1293 2360 1611 2428 ἀκούσεται,
1652 2362 1735 2417 δτι
1789 2361 1924 2419 Θεὸν

327 2449 691 2522 ὁμολογοῦσιν
719 2450 941 2518 εἰδέναι,
973 2454 1086 2516 τοῖς
1106 2451 1164 2506 δὲ
1191 2451 1377 2524 ἔργοις
1405 2453 1721 2525 ἀρνοῦνται.

403 2547 495 2611 ιη’.
533 2542 621 2606 Ὠς
644 2542 736 2596 ἐπὶ
784 2542 850 2597 τὸ
907 2543 1162 2599 πλεῖστον
1211 2543 1289 2615 τῷ
1332 2544 1514 2615 καιρῷ
1542 2544 1654 2599 τῶν
1692 2544 1920 2616 ἑορτῶν,

338 2634 425 2687 ιιαὶ
485 2633 597 2688 τῶν
654 2633 828 2704 ἁγίων
861 2635 1157 2701 συνάξεων,
1194 2636 1289 2691 καὶ
1332 2637 1550 2708 μάλισθ’
1578 2638 1706 2693 ὅταν
1751 2636 1919 2712 μέλλῃ

338 2741 414 2788 τις
442 2726 509 2796 τῇ
579 2727 820 2798 μυστικῇ
884 2727 1135 2799 τραπέζῃ
1180 2728 1486 2799 προσιέναι,
1519 2731 1643 2783 τότε
1683 2730 1798 2793 τοῖς
1832 2730 1920 2783 αι-

338 2819 517 2886 αχροῖς
546 2816 920 2889 φαντάσμασι,
961 2818 1056 2871 καὶ
1077 2819 1143 2889 τῇ
1179 2819 1276 2889 ῥοῇ
1305 2821 1405 2887 τῆς
1440 2818 1606 2889 γονῆς
1633 2818 1725 2873 τὸν
1744 2818 1921 2889 ἀσκη-

337 2909 430 2975 τὴν
457 2910 506 2961 οἱ
543 2909 799 2979 δαίμονες
839 2909 1092 2980 μολύνειν
1152 2910 1585 2975 σπουδάζουσινο
1629 2910 1746 2963 ἀλλ’
1797 2909 1922 2963 οὐδδ

335 3001 391 3052 ἐν
416 2997 591 3070 τούτῳ
621 2998 933 3069 θραύσωσιν
963 2998 998 3071 ἦ
1037 2999 1311 3054 ἐκλύσωσι
1342 2999 1433 3053 τὸν
1455 3000 1637 3054 πάντα
1666 3015 1922 3071 καρτερι-

302 3076 307 3083 ’
334 3089 447 3155 κιῖις
500 3092 598 3145 καὶ
620 3091 886 3159 γενναίως
910 3091 1099 3163 φέρειν
1131 3089 1573 3160 συνειθισμένον⁸
1609 3089 1745 3161 μηδὲ
1785 3106 1922 3142 καυ-

334 3184 626 3256 χάσθωσαν
649 3185 773 3238 καθ’
800 3184 962 3255 ἡμῶν
1001 3184 1051 3237 οἱ
1079 3182 1378 3254 κυρτοὶ,ώς
1409 3182 1583 3254 ὀρθοί.

408 3277 492 3331 ιθ¹.
530 3276 604 3330 Τὸ
637 3271 767 3348 ἦθος
803 3276 897 3330 καὶ
920 3276 1021 3344 τὴν
1070 3275 1382 3347 προθυμίαν
1397 3276 1447 3329 οἱ
1478 3274 1662 3346 ἐχθροὶ
1687 3272 1923 3344 ἀμύνον-

332 3389 444 3436 ται,
477 3372 590 3433 τοῖς
616 3369 886 3431 ποικίλοις
928 3369 1026 3423 καὶ
1068 3368 1298 3434 ἀφάτοις
1331 3367 1660 3439 πειρασμοῖς
1687 3366 1788 3434 τὴν
1824 3362 1927 3434 ψυ-

335 3461 437 3531 χὴν
466 3458 877 3529 κολαφίζοντες.
913 3460 976 3512 Εἰ
1007 3457 1116 3528 γὰρ
1151 3456 1259 3508 τῶν
1291 3456 1527 3526 θλίψεών
1555 3472 1637 3508 σοι
1657 3455 1766 3509 τῶν
1801 3453 1928 3506 πολ-

333 3552 443 3606 λῶν
494 3552 590 3606 καὶ
643 3550 941 3623 ἀμυθήτων
999 3551 1028 3604 6
1075 3548 1339 3618 στέφανος
1388 3547 1693 3610 πλέκεται,
1740 3544 1834 3599 καὶ
1867 3543 1925 3597 ἐν

332 3647 455 3708 ταῖς
483 3643 791 3705 ἀσθενείαις
845 3642 901 3696 δέ
964 3640 1269 3695 τελειοῦται
1316 3641 1349 3709 ὴ
1409 3637 1638 3707 δύναμις
1666 3634 1762 3689 τοῦ
1787 3635 1922 3705 Χρι-

335 3738 464 3791 στοῦ
486 3777 504 3801 ,
535 3738 634 3791 καὶ
675 3739 797 3799 ταῖς
824 3735 1307 3807 σκυθρωποτέραις
1327 3730 1726 3786 καταστάσεσιν
1759 3728 1927 3782 ἐπαν-

334 3829 446 3882 θεῖν
478 3828 669 3882 εἴωθεν
698 3829 729 3897 ἡ
760 3828 856 3882 τοῦ
906 3826 1226 3896 Πνεύματος
1256 3824 1419 3895 χάρις
1442 3839 1456 3854 ⁶
1492 3818 1795 3887 ἐξανέτειλε
1814 3820 1925 3889 γὰρ

332 3920 449 3990 φῶς
489 3922 546 3974 ἐν
602 3921 783 3974 σκότει
813 3922 925 3983 τοῖς
959 3918 1174 3972 εὐθέσιν
1195 3937 1210 3950 ·
1265 3917 1360 3970 ἐάν
1386 3933 1452 3985 γε
1481 3914 1581 3985 τὴν
1610 3912 1923 3985 παρρησίαν

333 4012 515 4067 καὶτὸ
546 4011 811 4083 καύχημα
851 4010 950 4081 τῆς
989 4008 1204 4073 ἐλπίδος
1235 4008 1404 4080 μέχρι
1455 4005 1647 4069 τέλους
1700 4002 1924 4074 βεϐαίαν

332 4103 721 4173 κατάσχωμεν.

405 4195 474 4249 κ’.
508 4196 678 4249 Οὐδὲν
699 4193 873 4257 οὕτως
914 4190 1259 4261 ἐξαφανίζειν
1282 4189 1382 4260 τὴν
1414 4187 1619 4258 ἀρετὴν
1655 4185 1922 4255 πέφυκεν,

332 4289 406 4351 ώς
445 4288 478 4358 ἡ
510 4283 864 4358 εὐτραπελία,
898 4283 994 4338 καὶ
1033 4281 1097 4335 τὸ
1140 4277 1382 4343 παίζειν,
1408 4276 1503 4332 καὶ
1530 4278 1563 4346 ἠ
1602 4271 1923 4344 ἀργολογία.

333 4381 443 4434 Καὶ
475 4379 639 4433 πάλιν
659 4377 814 4431 οὐδὲν
842 4375 1016 4438 οὕτως
1066 4373 1166 4442 τὴν
1209 4367 1671 4439 πεπαλαιωμένην
1699 4368 1927 4420 ἀνακαι-

333 4473 467 4537 νίζει
487 4470 689 4543 ψυχὴν,
722 4469 816 4522 καὶ
848 4466 1170 4537 πλησιάζειν
1201 4462 1279 4533 τῷ
1329 4460 1451 4532 Θεῷ
1490 4457 1920 4532 παρασκευάζει,

332 4566 407 4629 ὡς
432 4565 460 4617 6
491 4562 655 4633 φόϐος
712 4559 807 4614 τοῦ
857 4557 1019 4620 Θεοῦ,
1061 4558 1157 4613 καλ⁵
1184 4560 1217 4626 ή
1256 4555 1394 4625 καλὴ
1425 4549 1688 4625 προσοχὴ,
1726 4549 1821 4603 καὶ
1861 4549 1922 4601 τὸ

333 4656 569 4728 μελετᾷν
601 4650 898 4713 ἀπαύστως
932 4649 1003 4703 τά
1030 4649 1192 4717 λόγια
1220 4647 1315 4700 τοῦ
1339 4645 1500 4709 Θεοῦ,
1539 4644 1634 4697 καὶ
1658 4644 1724 4713 τῇ
1753 4655 1926 4728 προσ-

332 4726 465 4816 ευχῇ
498 4742 691 4798 ἑαυτὸν
722 4739 1096 4804 καθοπλίζειν,
1121 4737 1215 4790 καὶ
1254 4737 1351 4808 τῆς
1374 4732 1686 4805 ἀγρυπνίας
1714 4730 1774 4783 τὸ
1801 4726 1929 4798 κέρ-

334 4838 413 4901 So;
443 4836 777 4908 ίχνηλατεῖν..

399 4935 509 4984 καί.
562 4923 1036 4996 Ἐπιτηδειότατον
1074 4920 1216 4990 ἅμα,
1242 4918 1338 4972 καὶ
1357 4915 1637 4987 συμφέρον
1667 4915 1733 4984 τῇ
1755 4911 1925 4982 ψυχῇ,

336 5021 391 5077 τδ
420 5019 695 5092 στιϐαρῶς
726 5014 1020 5088 βαστάζειν
1047 5013 1227 5066 πᾶσαν
1259 5007 1465 5079 θλίψιν,
1495 5006 1605 5061 εἴτε
1638 5003 1791 5075 παρά
1827 5005 1929 5092 ἀν-

334 5091 594 5184 θρώπων,
629 5108 744 5165 εἴτε
795 5106 948 5175 παρά
988 5104 1262 5172 δαιμόνων
1292 5097 1664 5169 ἐπαγομένην,
1708 5095 1802 5148 καὶ
1845 5091 1929 5148 εί-

335 5205 482 5260 δέναι
504 5201 748 5272 ἀκριϐῶς
773 5201 967 5268 ὅτιπερ
996 5194 1275 5267 χρεῶσται
1296 5190 1617 5264 ὑπάρχομεν
1642 5187 1739 5258 τῆς
1762 5201 1925 5240 κατα-

337 5298 640 5366 πονήσεως,
683 5294 777 5349 καὶ
813 5289 1019 5363 μηδένα
1066 5286 1276 5356 ἕτερον,
1329 5283 1379 5336 εἰ
1436 5279 1512 5352 μὴ
1540 5278 1699 5350 μόνον
1735 5275 1931 5366 ἑαυτὸν

338 5364 611 5458 διηνεκῶς,
658 5382 991 5455 μέμφεσθαι.
1037 5378 1098 5432 '0
1155 5376 1263 5447 γὰρ
1294 5373 1454 5430 ἀλλον
1490 5371 1585 5425 ἐπὶ
1626 5370 1738 5432 τοῖς
1778 5364 1930 5458 ἰδίοις

341 5455 609 5549 θλιϐεροῖς
675 5475 1033 5547 μεμφόμενος
1083 5469 1377 5537 ἐξώλισθεν
1424 5466 1524 5537 τῆς
1567 5461 1783 5522 δικαίας
1831 5455 1924 5511 τοῦ

341 5574 715 5645 προσήκοντος
745 5567 1003 5641 κρίσεως.

414 5664 521 5734 κβ’.
554 5660 742 5716 Ἔστιν
803 5661 891 5714 ὅτε
933 5659 1034 5727 τῆς
1059 5656 1239 5724 δεξιᾶς
1276 5652 1561 5723 ἄνθρωπος
1588 5644 1929 5734 ἁποκινεῖται

341 5732 529 5830 ἕδρας,
566 5755 672 5811 κάν
727 5752 1015 5815 σπουδαῖος
1055 5746 1323 5820 τυγχάνῃ,
1353 5740 1777 5830 πλεονασάντων.

344 5825 687 5924 πειρασμῶν,
710 5843 1061 5914 ἐξιστάμενος
1100 5840 1197 5910 τῆς
1247 5834 1442 5892 ἐαυτοῦ
1485 5830 1714 5898 τάξεως,
1755 5825 1929 5881 διὰτὸ

1468 415 1854 476 CAPITULA
1889 418 1932 474 Α
1946 416 1992 474 D
2025 415 2461 478 MONACIIOS.

3469 425 3627 481 1842‘

2029 526 2210 577 πᾶσαν
2238 521 2426 585 αὐτοῦ,
2459 521 2641 584 καθώς
2674 538 2838 589 φησιν
2871 522 2903 592 ἧ
2942 521 3152 592 Γραφὴ,
3194 522 3608 575 καταπεπόσθαι

2028 616 2219 684 σοφίαν
2246 633 2303 667 τε
2332 615 2425 669 καὶ
2470 615 2667 685 τέχνην
2702 631 2716 647 ·
2760 616 2909 676 ὅπως
2965 614 3039 686 μὴ
3093 614 3415 678 πεποιθότες
3458 610 3609 686 ὦμεν

2025 711 2110 777 ἐφ’
2141 709 2353 771 ἑαυτοῖς
2372 725 2384 737 '
2415 708 2508 762 καὶ
2539 707 2628 761 ἵνα
2658 708 2733 778 μὴ
2766 709 3108 778 καυχήσηται
3152 706 3387 777 Ἰσραὴλ,
3410 707 3604 771 λέγων’

2030 820 2047 850 ι
2095 802 2159 853 'H
2185 801 2306 872 χείρ
2340 818 2441 871 μου
2493 800 2703 854 σέσωκέ
2736 818 2824 870 με.
2869 819 2888 853 ι
2934 800 3073 853 Ἀλλ’
3117 799 3302 865 ἔλπιζε
3327 802 3608 854 ἀποκατα-

2025 894 2287 962 σταθῆναι
2310 897 2389 958 είς
2417 892 2515 965 τὴν
2544 893 2818 964 προτέραν
2854 893 3067 964 ὡραίαν
3084 893 3443 958 κατάστασιν,
3474 895 3619 948 ἀπο-ν

2022 987 2280 1049 πεσόντος
2310 987 2419 1040 ἀπὸ
2448 985 2566 1049 σοῦ,
2594 985 2715 1057 θείᾳ
2749 986 3020 1048 κελεύσει,
3051 987 3143 1039 καὶ
3178 986 3608 1057 ἀποδιωχθὲντος

2020 1077 2114 1131 τοῦ
2140 1078 2398 1149 πονηροῦ.
2445 1079 2635 1141 Ὅστις
2688 1078 2868 1131 πάντα
2925 1077 3029 1148 μὲν
3075 1078 3338 1147 ἐμπαθῶς
3366 1079 3460 1131 καὶ
3487 1078 3606 1147 βλέ-

2019 1184 2162 1231 πειν,
2195 1169 2293 1221 καὶ
2335 1168 2557 1223 ἀκούειν
2616 1169 2971 1240 παροτρύνει,
2995 1169 3092 1224 καὶ
3122 1169 3258 1239 πρὸς
3287 1169 3387 1239 τὴν
3420 1170 3606 1241 ἀμαρ-

2015 1261 2137 1313 τίαν
2162 1261 2547 1326 κατασπεύδει,
2573 1262 2821 1333 παχύνας
2837 1262 2893 1315 δὲ
2921 1262 3013 1316 τὸν
3030 1260 3157 1316 νοῦν
3179 1263 3431 1334 καθάπερ
3453 1265 3608 1333 νέφει

2017 1350 2230 1423 πυκνῷ,
2282 1356 2430 1405 ποιεῖ
2483 1353 2580 1407 καὶ
2636 1354 2697 1406 τὸ
2755 1356 2980 1426 σαρκίον
3002 1355 3354 1410 αἰσθάνεσθαι
3394 1357 3607 1426 ἀφάτου

2017 1436 2321 1509 βαρύτητός
2355 1457 2412 1492 τε
2443 1439 2537 1493 καὶ
2563 1440 2754 1509 δγκου,
2789 1442 2888 1498 καὶ
2915 1444 3007 1497 τὸν
3046 1444 3288 1514 ἔμφυτον
3317 1444 3601 1517 λογισμὸν,

2015 1529 2224 1585 ἁπλοῦν
2267 1548 2392 1587 τινα
2444 1533 2787 1600 καθεστῶτα,
2836 1536 2932 1590 καὶ
2979 1535 3276 1602 ἀπλάστου,
3312 1539 3455 1591 κατά
3503 1539 3605 1607 τὴν

2012 1622 2275 1692 ὁμοίωσιν
2330 1623 2442 1678 τῶν
2487 1625 2792 1696 ἀρτιγενῶν
2823 1626 3068 1698 βρεφῶν,
3099 1627 3347 1682 ποικίλον
3383 1629 3603 1683 ἀποδεί-

2011 1730 2196 1776 κνυσι,
2256 1715 2352 1769 καὶ
2410 1715 2533 1772 λίαν
2606 1716 2939 1790 πολύπειρον
2995 1719 3258 1784 παντοίας
3299 1717 3599 1789 ἁμαρτίας,

2011 1806 2305 1877 φαρμάξας
2353 1809 2451 1863 καὶ
2507 1811 2868 1882 παρατρέψας
2892 1811 3083 1866 τοῦτον
3105 1812 3195 1866 διά
3226 1811 3328 1881 τῆς
3357 1813 3604 1882 ἀμυδρο-

2009 1898 2141 1963 πίας
2171 1899 2280 1971 [ἷσ.
2312 1901 2736 1976 ἀμφιῤῥοπίαςῘ.

2079 1997 2186 2059 κγ’.
2213 1992 2375 2061 Μέγα
2413 2011 2467 2046 τι
2514 1994 2709 2066 χρῆμα
2743 1998 2772 2049 6
2800 1997 3113 2068 ἄνθρωπος,
3163 1995 3411 2060 αὐξάνων
3466 1994 3596 2059 ἔσω.

2008 2083 2104 2138 καὶ
2161 2085 2600 2157 μεγαλυνόμενος
2631 2090 2754 2153 ταῖς
2786 2090 3033 2160 ἀρεταῖς.
3076 2089 3221 2144 3A11’
3259 2091 3411 2159 ὅμως
3439 2081 3596 2150 οὗτος

2006 2176 2035 2229 6
2061 2176 2232 2246 μέγας
2258 2177 2504 2247 φοϐεῖται
2544 2178 2647 2248 τὴν
2690 2180 2988 2251 ἁμαρτίαν,
3045 2180 3124 2243 ὡς
3150 2178 3245 2233 τὸν
3273 2180 3382 2241 μῦν
3403 2180 3431 2230 6
3475 2175 3596 2231 ἐλέ-

2012 2282 2157 2338 φαςυ
2214 2267 2412 2336 μήπως
2451 2264 2632 2329 ἄλλοις
2682 2264 2958 2336 κηρύξας,
3002 2266 3166 2330 αὐτὸς
3208 2266 3471 2337 ἀδόκιμος
3501 2264 3599 2333 γέ-

2011 2374 2189 2430 νηται.

2084 2450 2183 2507 κδ’.
2217 2452 2292 2504 Οὐ
2327 2450 2484 2521 μόνον
2505 2450 2736 2523 πλησίον
2758 2451 2857 2519 τῆς
2886 2450 2983 2506 τοῦ
3022 2452 3233 2523 κόσμου
3264 2451 3598 2517 συντελείας,

2012 2543 2041 2594 6
2091 2541 2337 2604 διάϐολος
2386 2540 2580 2608 λόγους
2630 2542 2855 2612 λαλήσει
2896 2542 3034 2614 πρὸς
3078 2544 3171 2596 τὸν
3196 2542 3484 2611 ’Υψιστον,
3524 2543 3601 2607 ὣς

2012 2650 2181 2705 φησιν
2208 2634 2238 2687 6
2270 2633 2491 2704 Δανιὴλ,
2514 2632 2652 2687 ἀλλά
2672 2635 2782 2703 γὰρ
2807 2636 2903 2688 καὶ
2925 2634 3041 2700 νῦν,
3067 2633 3215 2689 ἔστιν
3236 2635 3324 2689 ὅτε
3349 2635 3599 2706 βαρείας,

2009 2725 2098 2779 διά
2146 2724 2257 2778 τῶν
2313 2724 2596 2794 λογισμῶν
2651 2725 2832 2795 ἡμῶν,
2902 2727 2982 2789 είς
3037 2726 3201 2779 αὐτὸν
3230 2726 3323 2779 τδν
3369 2726 3601 2796 οὐρανὸν

2010 2814 2289 2884 ἐκπέμπει
2341 2814 2713 2885 βλασφημίας,
2746 2815 2841 2869 καὶ
2865 2815 2988 2869 κατ’
3016 2815 3185 2869 αὐτοῦ
3214 2815 3271 2869 δὲ
3298 2816 3600 2886 δυσφημῶν

2008 2901 2104 2956 τοῦ
2148 2904 2429 2974 Ὑψίστου,
2460 2905 2555 2957 καὶ
2611 2903 2723 2956 τῶν
2778 2904 3098 2974 κτισμάτων
3126 2904 3315 2969 αὐτοῦ,
3358 2907 3453 2958 καλ⁵
3487 2906 3598 2959 τῶν

2009 2992 2184 3062 ἀγίων
2214 2994 2309 3047 τοῦ
2342 2993 2584 3066 Χριστοῦ
2616 2994 2956 3065 μυστηρίων.
2998 2995 3141 3048 ’Δλλ’
3171 2996 3335 3065 ἡμεῖς
3367 2996 3598 3068 βεϐηκό-

2007 3102 2102 3150 τες
2123 3087 2217 3139 ἐπὶ
2245 3086 2346 3157 τὴν
2385 3086 2594 3156 πέτραν
2626 3087 2728 3157 τῆς
2756 3086 3035 3155 γνώσεως,
3081 3088 3181 3142 οὒκ
3211 3088 3279 3144 ἂν
3309 3092 3597 3160 καταπτή·

2013 3176 2211 3247 ξαιμεν
2269 3176 2363 3229 ἐπὶ
2401 3175 2636 3241 τούτοις,
2678 3174 2803 3231 οὐδὲ
2838 3176 2913 3246 μὴ
2954 3176 3344 3248 θαυμάσαιμεν
3373 3181 3472 3251 τὴν
3502 3180 3598 3234 τοῦ

2011 3267 2310 3338 ἀλάστορος
2337 3269 2563 3339 τόλμαν.
2624 3267 2814 3321 Πίστει
2854 3267 2912 3321 δέ
2954 3269 3051 3323 καὶ
3105 3270 3237 3342 εὐχῇ
3289 3271 3600 3344 θερμοτέρα

2011 3359 2304 3433 χρώμενοι,
2339 3360 2437 3431 τῆς
2461 3377 2521 3413 τε
2551 3359 2758 3415 ἄνωθεν
2794 3359 3114 3433 ἐπικουρίας
3141 3362 3418 3435 τυχόντες,
3453 3364 3597 3433 ἀμυ-

2011 3452 2217 3524 νόμεθα
2246 3454 2338 3509 τὸν
2371 3454 2585 3527 ἐχθρόν.

2081 3540 2178 3595 κε’.
2226 3543 2551 3615 Μαχόμενος
2614 3546 2711 3601 καὶ
2783 3545 3061 3612 ὀνειδίζων
3143 3547 3284 3618 μετά
3364 3548 3600 3620 θράσους

2007 3633 2309 3705 ἐπέρχεται
2338 3635 2366 3685 ὁ
2401 3635 2595 3707 ἐχθρὸς
2650 3638 2717 3707 τῇ
2748 3635 2907 3709 ψυχῇ
2943 3637 3238 3709 ἐξελθούσῃ
3275 3639 3372 3693 τοῦ
3409 3642 3603 3712 σώμα-

2009 3743 2120 3789 τος,
2145 3727 2450 3798 κατήγορος
2484 3727 2769 3798 γινόμενος
2790 3731 2991 3800 πικρός
3024 3747 3081 3784 τε
3121 3731 3215 3785 καὶ
3247 3733 3477 3804 φοϐερὸς
3508 3736 3603 3788 ἐπὶ

2006 3822 2119 3882 τοῖς
2149 3818 2561 3889 ἐπταισμένοις.
2620 3818 2762 3872 Ἀλλ’
2816 3819 2965 3875 ἔστιν
3020 3820 3149 3874 ἰδεῖν
3188 3821 3305 3875 τότε
3352 3823 3452 3894 τὴν
3479 3824 3600 3879 θεο-

2009 3908 2142 3978 φιλῆ
2175 3909 2269 3963 καῖ
2321 3909 2657 3976 πιστοτάτην
2701 3908 2919 3980 ψυχὴν,
2945 3909 3048 3964 κᾶν
3096 3910 3357 3975 πολλάκις
3385 3912 3446 3965 τὸ
3472 3915 3602 3983 πρὶν

2010 3997 2229 4071 ἐτρώθη
2260 3998 2580 4069 ἁμαρτίαις,
2615 3998 2677 4052 οὐ
2709 3999 3236 4072 καταπληττομένην
3257 4000 3356 4066 τὰς
3385 4003 3600 4058 ἐκείνου

2008 4088 2188 4163 ὁρμάς
2213 4106 2274 4142 τε
2305 4089 2401 4143 καὶ
2436 4090 2688 4157 ἀπειλάς,
2721 4090 2859 4145 ἀλλά
2894 4090 3115 4162 μᾶλλον,
3141 4094 3512 4165 νευρουμένην
3544 4099 3604 4150 ἐν

2010 4180 2219 4251 Κυρίῳ,
2255 4180 2349 4235 καὶ
2381 4181 2758 4252 πτερουμένην
2786 4182 2952 4253 χαρᾷ,
3005 4181 3513 4258 θαρσοποιουμένην
3542 4205 3602 4240 τε

2008 4274 2132 4334 ταῖς
2206 4270 2532 4342 όδηγόύσαις
2578 4272 2764 4340 ἁγίαις
2804 4273 3125 4344 δυνάμεσιν,
3177 4273 3272 4328 καὶ
3307 4294 3604 4350 περιτειχι-

2010 4362 2246 4434 ζομένην
2283 4362 2359 4434 τῷ
2393 4362 2535 4432 φωτὶ
2583 4362 2684 4433 τῆς
2730 4364 2988 4429 πίστεως,
3031 4368 3126 4419 καὶ
3168 4367 3605 4439 ἀντικράζουσαν

2014 4452 2154 4523 μετά
2185 4453 2386 4523 πολλῆς
2411 4452 2728 4525 παρρησίας
2773 4453 2852 4525 τῷ
2884 4455 3107 4526 πονηρῷ
3133 4456 3384 4529 διαϐόλῳ,
3422 4459 3489 4513 Τί
3522 4478 3604 4513 σοι

2013 4538 2106 4591 καὶ
2167 4539 2335 4609 ἡμῖν,
2389 4539 2639 4612 ἀλλότριε
2696 4541 2791 4594 τοῦ
2858 4540 3037 4607 Θεοῦς
3087 4545 3138 4597 τί
3175 4561 3257 4599 σοι
3298 4546 3391 4600 καὶ
3438 4550 3602 4620 ἡμῖν,

2010 4627 2258 4696 δραπέτα
2314 4631 2424 4684 τῶν
2496 4631 2778 4703 οὐρανῶν,
2843 4634 2937 4687 καὶ
2995 4635 3150 4690 δοῦλε
3213 4638 3455 4711 πονηρές
3504 4642 3607 4695 οὐκ

2013 4720 2159 4791 ἔχεις
2218 4722 2282 4776 σὺ
2329 4724 2429 4793 τὴν
2492 4723 2745 4791 ἐξουσίαν
2792 4726 2950 4798 ἡμῶν
2975 4744 2987 4759 ’
3023 4730 3256 4801 Χριστὸς
3286 4732 3396 4804 γάρ
3426 4733 3455 4786 6
3483 4734 3610 4800 Υἱὸς

2011 4812 2105 4866 τοῦ
2135 4810 2294 4880 Θεοῦ,
2343 4814 2500 4885 ήμῶν
2552 4833 2613 4870 τε
2651 4818 2746 4872 καὶ
2775 4819 2992 4874 πάντων
3026 4823 3126 4895 τὴν
3164 4824 3418 4892 ἐξουσίαν
3446 4826 3566 4899 ἔχει
3590 4868 3607 4892 ,

2012 4901 2162 4971 αὐτῷ
2191 4902 2534 4975 ἡμάρτομεν,
2564 4907 2717 4976 αὐτῷ
2755 4910 2850 4963 καὶ
2879 4912 3362 4986 ἀπολογησόμεθα,
3396 4918 3609 4991 ἐνέχει-

2013 5009 2106 5065 ρον
2135 4993 2350 5064 ἔχοντες
2369 4995 2471 5065 τῆς
2487 4998 2569 5061 είς
2585 5000 2737 5069 ἡμᾶς
2753 5001 3158 5075 εὐσπλαγχνίας
3178 5008 3273 5062 καὶ
3306 5014 3605 5083 σωτηρίας,

2010 5085 2106 5139 τὸν
2129 5086 2322 5141 τούτου
2349 5088 2532 5158 τίμιον
2555 5091 2809 5164 σταυρόν.
2844 5094 2915 5150 Σὺ
2949 5095 3008 5152 δὲ
3050 5097 3222 5168 φεῦγε
3249 5103 3471 5175 μακράν
3512 5108 3607 5175 ἀφ’

2014 5176 2192 5270 ἡμῶν,
2224 5178 2462 5270 όλέθριε,
2497 5182 2668 5253 μηδέν
2698 5202 2780 5239 σοι
2825 5187 2920 5242 καὶ
2951 5191 3063 5253 τοῖς
3109 5190 3316 5260 δούλοις
3343 5195 3440 5250 τοῦ
3469 5200 3609 5270 Χρι-

2014 5267 2163 5325 στοῦ.
2222 5269 2409 5325 Ταῦτα
2461 5272 2732 5347 λεγούσης
2783 5279 2884 5350 τῆς
2933 5279 3115 5352 ψυχῆς
3158 5284 3299 5355 μετά
3345 5267 3603 5357 θάρσους,

2014 5359 2158 5414 νῶτα
2191 5361 2378 5416 λοιπὸν
2404 5363 2622 5420 δίδωσιν
2676 5368 2707 5422 6
2762 5368 3030 5438 διάϐολος,
3064 5373 3215 5444 βοαῖς
3253 5376 3603 5451 ὀδυρόμενος,

2103 5453 2352 5525 δυνηθεὶς
2370 5457 2687 5532 ἀντιστῆναι
2700 5462 2779 5535 τῷ
2797 5465 3037 5536 Χριστοῦ
3049 5468 3297 5541 ὀνόματι.
3316 5472 3607 5545 ’Υπεράνω

2012 5543 2069 5635 δὲ
2099 5546 2499 5621 τυγχάνουσαή
2534 5550 2704 5625 ψυχὴ,
2761 5553 3094 5612 καθίπταται
3139 5561 3235 5615 τοῦ
3282 5543 3480 5635 ἐχθροῦ
3514 5583 3605 5620 κο-

2014 5634 2313 5704 λαφίζουσα
2353 5638 2542 5706 αὐτὸν,
2599 5640 2791 5717 ὥσπερ
2855 5646 2885 5699 6
2937 5645 3233 5719 λεγόμενος
3293 5634 3604 5727 ὀξυπτέρυξ

2013 5730 2107 5784 τὸν
2142 5731 2372 5804 κόρακα.
2403 5735 2512 5789 Καὶ
2552 5737 2692 5809 μετά
2717 5737 2888 5794 ταῦτα
2909 5739 3014 5794 ὐπὸ
3039 5741 3150 5797 τῶν
3170 5742 3331 5800 θείων
3352 5746 3601 5816 ἀγγέλων

2016 5820 2396 5895 διακομίζεται
2455 5828 2838 5904 ἀγαλλιωμένη
2896 5834 2977 5899 εἰς
3033 5833 3161 5902 τοὺς
3219 5835 3420 5905 τόπους
3475 5838 3600 5894 τοὺ.
