4086 6382
457 368 594 434 1843

444 492 785 561 ὡρισμένους
814 494 976 565 αὐτῇ,
1003 494 1145 548 κατά
1171 497 1276 566 τῂν
1305 498 1640 549 κατάστασιν
1671 498 1863 568 αὐτῆς.

522 584 633 652 κς’.
664 587 787 639 ’Ὁτι
817 588 911 639 zeal
948 587 1131 659 μικρῷ
1169 605 1276 641 τινι
1323 590 1616 660 πειρασμῷ
1644 591 1785 644 κατά
1815 590 2026 661 συγχώ-

450 696 609 751 ρησιν
632 678 981 749 ἐμποδίζεταί
1007 696 1138 732 ποτε
1168 680 1442 751 προκόψαι
1474 682 1504 734 6
1529 682 1835 747 σπουδαῖος,
1854 682 2037 736 πειθέ-

447 788 527 824 τω
562 789 621 824 σε
668 774 701 842 ή
753 770 990 843 ἐχενητς,
1036 771 1096 825 τὸ
1148 771 1485 844 βραχύτατον
1527 773 1782 843 ἰχθύδιον,
1844 792 2036 846 μυριο-

449 864 617 935 φόρον
648 862 850 918 ὁλκάδα
902 868 967 936 τῇ
1002 864 1349 936 προσψαύσει
1380 865 1474 919 zeal
1507 865 1645 937 μόνῃ
1698 867 2037 938 καταριοῦσα

450 952 563 1027 [ισ.
598 954 981 1029 καταργοῦσα]
1006 958 1100 1011 zeal
1138 956 1410 1027 προϐῆναι
1433 957 1515 1011 ’τὸ
1552 958 1879 1029 ἐμπώισθέν
1900 975 1913 989 ·
1944 960 2039 1013 καὶ

452 1049 731 1119 μέμνησαι
755 1051 973 1112 πάντως
1030 1049 1126 1104 τοῦ
1170 1051 1458 1119 λέγοντος,
1484 1052 1568 1105 ὅτι
1600 1070 1618 1103 ι
1656 1050 1799 1119 Ἐγὼ
1837 1053 1866 1105 6
1886 1054 2037 1123 τηλι-

450 1138 641 1202 κοῦτος
677 1138 910 1203 Παῦλος,
944 1141 1039 1193 καὶ
1094 1140 1249 1205 ἀπαξ
1299 1141 1396 1194 zeal
1429 1142 1513 1205 δὶς
1562 1140 1833 1211 τεθέληκα
1864 1141 2040 1195 ἐλθεῖν

450 1232 590 1302 πρὸς
627 1232 794 1301 ὑμᾶς,
830 1234 927 1285 zeal
958 1230 1217 1300 ἐνέκοψεν
1244 1234 1441 1303 ήμᾶςό
1462 1231 1728 1296 Σατανᾶς.
1772 1232 1933 1286 Ἀλλά
1962 1233 2040 1303 μὴ

449 1323 541 1378 διά
564 1323 723 1379 τοῦτο
746 1324 1077 1395 θορυδηθῇς,
1108 1325 1483 1394 ἀνταγωνίζου
1512 1325 1569 1379 δέ
1594 1325 1801 1383 μᾶλλον
1827 1325 1916 1379 διά
1940 1326 2042 1393 τῆς

452 1414 752 1487 ὑπομονῆς,
787 1418 881 1470 καὶ
913 1416 1189 1489 τεύξητῆς
1219 1418 1461 1489 χάριτος.

525 1506 629 1571 κζ’.
677 1509 739 1564 ’0
766 1511 889 1573 ταῖς
916 1511 1139 1582 ἀρεταῖς
1179 1511 1319 1577 ἀγαν
1374 1510 1795 1581 εύθηνυυμενος,
1836 1512 1931 1563 ἐάν
1957 1511 2044 1565 διά

457 1599 734 1673 ρᾳθυμίαν
762 1602 1040 1674 ἀπονεύσῃ
1064 1602 1161 1656 τοῦ
1189 1601 1514 1674 πρέποντος,
1548 1601 1870 1673 ἀνέρχονται
1906 1602 2043 1674 πρὸς

455 1694 621 1748 αὐτὸν
675 1695 728 1747 οἱ
785 1696 894 1749 υίοὶ
922 1695 1032 1749 τῶν
1062 1695 1250 1750 κακῶν
1298 1695 1576 1749 ἀνατολῶν
1605 1694 1714 1749 ἀπὸ
1757 1693 2032 1766 Ἀμαλὴκ,

459 1784 557 1838 zeal
580 1785 815 1855 μάλιστα
864 1785 1127 1856 Μαδιάμ·
1182 1788 1216 1857 ή
1262 1785 1586 1856 φιλόπορνος
1613 1784 1847 1855 δύναμις
1881 1823 1898 1848 ,
1946 1785 2044 1838 σὺν

461 1876 583 1939 ταῖς
643 1876 918 1948 καμήλοις
955 1877 1159 1943 αὐτῶν,
1205 1876 1408 1949 δηλαδὴ
1440 1880 1560 1941 ταῖς
1594 1874 1869 1948 ἐμπαθέσι
1904 1875 2044 1947 μνή-

462 1985 620 2037 μαις,
641 1964 731 2033 αἷς
752 1971 856 2025 οὐκ
881 1969 1028 2025 ἐστιν
1058 1971 1313 2043 ἀριθμὸς,
1342 1973 1437 2024 zeal
1467 1969 1847 2039 διαφθείρουσι
1867 1969 2047 2022 πάντα

460 2060 533 2113 τὰ
562 2062 796 2133 ἐκφόρια
836 2064 937 2133 τῆς
971 2062 1096 2132 γῆς,
1129 2063 1376 2115 τουτέστι
1393 2060 1495 2129 τῆς
1526 2060 1756 2131 ἀρίστης
1797 2055 2047 2129 πράξεώς

464 2172 526 2210 τε
569 2158 665 2211 καὶ
692 2156 882 2221 ἐξεως.
906 2157 1019 2212 Καὶ
1047 2159 1169 2210 τότε
1209 2156 1397 2210 λοιπον
1438 2152 1712 2222 πτωχεύει
1736 2153 1763 2205 6
1806 2152 2045 2222 Ἰσραὴλ,

452 2237 550 2289 zeal
570 2235 714 2289 πάνυ
745 2231 1082 2303 δλιγοψυχεῖ,
1124 2233 1218 2286 zeal
1267 2231 1641 2301 ἀναγκάζεται
1679 2231 1872 2302 βοῆσαι
1901 2232 2041 2305 πρὸς

452 2327 681 2397 Κύριον.
710 2325 821 2379 Καὶ
843 2323 1018 2388 οὕτως
1043 2323 1433 2378 ἀποστέλλεται
1462 2323 1755 2395 οὐρανόθεν
1782 2323 2042 2395 λογισμὶς

450 2417 680 2488 ἀγαθὸς,
710 2416 803 2470 τὸν
830 2415 1038 2473 Γεδεὼν
1056 2415 1417 2485 μιμούμενος,
1450 2414 1540 2468 διὰ
1565 2413 1767 2485 πολλῆς
1803 2413 2043 2477 πίστεως

452 2513 546 2566 zeal
593 2509 1122 2577 ταπεινοφροσύνης.
1207 2509 1273 2562 Ἠ
1346 2506 1454 2580 γάρ
1519 2506 1838 2578 χιλιασμοῦ,
1884 2506 2040 2577 φησὶ,

451 2602 832 2672 ταπεινωτὲρα
889 2601 948 2653 ἐν
995 2601 1285 2672 Μανασσῇ,
1323 2599 1466 2653 ὥστε
1493 2598 2044 2670 ἀντιπαρατάξασθαι

448 2697 566 2759 τοῖς
596 2693 873 2756 τοσούτοις
901 2692 1169 2764 πλήθεσιν
1211 2694 1268 2745 ἐν
1294 2695 1408 2758 τοῖς
1439 2694 1779 2765 τριακοσίοις
1818 2692 2043 2746 ἀσθενέ-

452 2805 538 2842 σιν
598 2784 928 2857 ἀνθρώποις,
1011 2785 1107 2838 zeal
1174 2785 1409 2855 τρόπαια
1472 2783 1791 2854 παραδόξως
1848 2783 2043 2854 στῆσαι

450 2879 595 2934 κατά
611 2878 718 2932 τῶν
741 2878 1024 2943 ἐναντίων,
1059 2879 1125 2947 τῇ
1161 2876 1451 2948 συμμαχίᾳ
1478 2876 1581 2948 τῆς
1605 2876 1849 2947 χάριτος.

522 2977 629 3041 κη’.
667 2971 741 3024 Ού
762 2970 870 3023 κάν
903 2967 1139 3039 δυνηθῇς
1186 2969 1280 3021 ἐπὶ
1336 2968 1543 3021 ἀσπίδα
1586 2968 1682 3021 zeal
1728 2965 2044 3035 βασιλίσκον

449 3060 733 3132 ἐπιϐῆναι,
795 3060 891 3114 zeal
951 3059 1019 3112 τὰ
1072 3058 1222 3129 ἐξῆς,
1266 3060 1316 3113 εί
1350 3059 1427 3130 μὴ
1459 3058 1549 3113 διὰ
1592 3057 1794 3128 πολλῆς
1829 3055 2044 3120 ἱκεσίας

449 3152 541 3208 τὸν
588 3151 724 3207 Θεδν
782 3152 1116 3221 δυσωπήσας
1168 3150 1339 3224 λάϐῃς
1381 3151 1739 3222 ὑπερμάχους
1776 3148 2044 3217 ἀγγέλους

445 3243 909 3313 ἀνακουφίζοντάς
966 3260 1025 3296 σε
1082 3244 1203 3306 ταῖς
1250 3243 1480 3306 οἰκείαις
1507 3243 1687 3313 χερσὶ,
1718 3242 1813 3296 zeal
1844 3242 1958 3295 ἀνω
1981 3257 2040 3293 σε

447 3334 737 3398 ποιοῦντας
769 3333 870 3402 τῆς
904 3331 1163 3394 ίλυώδους
1194 3330 1443 3401 γνώμης.

514 3479 620 3530 κθθ.
653 3474 829 3530 Ὅταν
858 3492 943 3537 τις
987 3480 1278 3528 πυκτεύων
1327 3476 1564 3545 ἰσχυρῶς
1608 3474 1891 3545 ἡττηθείη,
1930 3492 2038 3545 μη-

445 3563 637 3631 δαμῶς
685 3563 1053 3635 δυσθυμείτω,
1109 3562 1245 3633 μηδὲ
1303 3564 1692 3632 ἀποκαμνέτω,
1735 3563 1871 3617 ἀλλά
1926 3567 2041 3628 τοῖς

441 3658 538 3712 τοῦ
602 3657 824 3710 Ἡσαΐου
881 3657 1127 3729 ρήμασιν
1168 3655 1521 3730 ἀνορθωθεὶς,
1557 3656 1885 3728 εὖθυμείτω,
1922 3677 2041 3713 τοι·

439 3753 581 3809 αῦτα
616 3753 968 3826 κατεπᾴδων·
1018 3752 1325 3824 Ἰσχυκότες
1384 3753 1648 3826 ἡττᾶσθε,
1707 3752 1754 3807 ῶ
1810 3756 2042 3827 πονηροὶ

432 3846 718 3918 δαίμονες·
747 3845 844 3900 ἐάν
876 3844 986 3916 γάρ
1016 3845 1116 3899 zeal
1157 3844 1324 3899 πάλιν
1362 3844 1647 3917 ίσχύσητε,
1686 3846 1848 3901 πάλιν
1875 3849 2043 3918 ήττη-

442 3936 700 4007 θήσεσθε,
729 3935 825 3990 zeal
858 3934 928 4007 ἢν
957 3935 1026 3990 ἀν
1057 3934 1253 4007 βουλὴν
1277 3935 1667 4007 βουλεύσησθε,
1696 3936 2041 3993 διασκεδάσει

443 4026 675 4099 Κύριος.
702 4026 786 4080 ὅτι
815 4027 939 4096 μεθ’
974 4025 1132 4096 ήμῶν
1179 4027 1209 4080 6
1254 4026 1389 4092 Θεός
1418 4027 1567 4081 ἐστιν
1586 4043 1601 4058 ·
1635 4029 1665 4081 6
1692 4027 1826 4093 Θεὸς
1855 4029 1883 4080 6
1914 4029 2041 4090 τοὺς

439 4117 931 4191 κατερῤαγμένους
968 4117 1288 4186 ἐξανιστῶν,
1321 4119 1415 4174 zeal
1458 4120 1896 4192 παρασκευάζων
1915 4120 2042 4183 τοὺς

443 4210 673 4283 ἐχθροὺς
701 4211 861 4281 ήμῶν
893 4210 1214 4279 κόπτεσθαι,
1249 4211 1413 4282 ήνίκα
1444 4211 1511 4265 ἂν
1548 4211 1922 4283 μετανοῶμεν.

511 4306 581 4360 λ’.
634 4303 945 4375 ’Δμήχανον
964 4303 1134 4373 χωρὶς
1166 4302 1344 4373 λύπης
1391 4304 1688 4375 παρελθεῖν
1719 4304 1811 4355 τὸν
1839 4302 2043 4365 ἐμπαι-

439 4393 734 4465 δευόμενον
767 4396 878 4457 τοῖς
902 4397 1256 4466 πειρασμοῖς,
1284 4393 1423 4448 ἀλλά
1469 4393 1609 4464 μετὰ
1633 4391 1807 4445 ταῦτα
1838 4390 2042 4463 πολλῆς

441 4487 617 4558 χαρᾶς
676 4483 1015 4556 πληροῦνται
1072 4487 1125 4538 οί
1174 4484 1437 4548 τοιοῦτοι,
1487 4484 1583 4537 zeal
1630 4481 1886 4553 δακρύων
1912 4483 2040 4551 γλυο

440 4576 625 4642 κέων,
657 4577 753 4630 καὶ
804 4576 1095 4647 νοημάτων
1160 4576 1344 4641 θείων,
1395 4574 1521 4628 ὅσον
1564 4572 1922 4645 ἐγεώργησαν
1946 4576 2041 4630 τὸν

442 4670 629 4734 πόνον,
663 4668 759 4722 zeal
784 4668 883 4739 τὴν
909 4667 1092 4737 θλίψιν
1117 4668 1173 4719 ἐν
1196 4667 1318 4729 ταῖς
1350 4664 1603 4735 καρδίαις
1634 4666 1836 4722 αὐτῶν.

515 4760 621 4813 λα’.
645 4760 707 4812 Εἰ
738 4759 909 4813 θέλων
944 4761 972 4811 6
1020 4758 1232 4819 Ἰσαὰκ,
1268 4756 1365 4809 zeal
1390 4756 1599 4827 τρέχων
1650 4759 1780 4813 ποτὲ
1805 4761 1833 4813 6
1866 4761 2037 4816 Ἡσαῦ

443 4852 582 4925 πρὸς
606 4850 705 4924 τὴν
735 4851 1036 4921 ἐπιθυμίαν
1060 4850 1154 4918 τῆς
1206 4848 1483 4917 εὐλογίας,
1525 4852 2032 4925 ἀποτετυχήκασιν·

378 4946 385 4953 ’
441 4948 722 5012 ἐλεοῦντος
754 4947 850 5001 τοῦ
876 4945 1035 5007 Θεοῦ,
1069 4944 1166 4997 zeal
1215 4945 1590 5014 εύλογοῦντος,
1633 4949 1730 5003 zeal
1761 4950 1838 5020 τῷ
1872 4953 2035 5006 πνεύ-

443 5056 579 5109 ματι
618 5038 884 5109 χρίοντος,
938 5036 1038 5104 οὐχ
1092 5036 1260 5107 ὅνπερ
1290 5038 1451 5106 ήμεῖς
1485 5038 1704 5100 πάντως
1737 5038 2038 5111 τεθελήκαο

444 5148 566 5201 μεν.
606 5128 723 5183 ἀλλ’
758 5127 929 5198 ὅνπερ
959 5128 989 5179 6
1013 5126 1165 5191 Θεὸς,
1185 5128 1315 5198 πρὶν
1346 5130 1575 5196 πλάσαι,
1612 5130 1923 5203 προώρισεν
1954 5134 2036 5197 εἰς

436 5222 501 5274 τὸ
554 5218 911 5289 διακονῆσαν
957 5218 1222 5290 μηδαμῶς
1262 5219 1676 5293 θορυϐηθῶμεν,
1728 5224 1867 5294 μήτε
1928 5227 2035 5295 μὴν

438 5312 821 5382 φθονήσωμεν,
869 5313 999 5364 ὅταν
1050 5309 1418 5383 θεωρήσωμεν
1468 5312 1735 5382 ἀδελφούς
1773 5330 1926 5377 τινας
1952 5320 2035 5368 ot-

314 5455 325 5463 .
438 5404 637 5476 κτροὺς
702 5402 799 5455 καὶ
848 5402 1163 5473 ἐλαχίστους
1210 5403 1305 5456 ἐπὶ
1348 5402 1549 5474 ἀρετήν
1608 5404 2031 5475 προκόψανταςο

346 6102 423 6183 ‘1

434 5497 679 5568 ήκουσας
710 5496 805 5549 zeal
862 5495 957 5549 τοῦ
1006 5496 1214 5564 Κυρίου
1242 5495 1491 5564 λέγοντος
1510 5512 1524 5526 ·
1563 5515 1581 5547 ι
1612 5497 1712 5562 Δὸς
1735 5496 1913 5569 τούτῳ
1940 5498 2033 5552 τό·

434 5605 558 5651 πον,
615 5585 755 5639 ὥστε
808 5586 1205 5657 κατακλιθῆναι
1257 5585 1563 5659 ἀνώτερον
1600 5607 1618 5640 z
1657 5587 2034 5659 θαυμάζωμεν

432 5678 491 5733 δέ
514 5677 716 5747 μᾶλλον
746 5679 840 5733 ἐπὶ
858 5680 1072 5743 τούτοις
1095 5679 1186 5733 τὸν
1214 5678 1499 5751 δικαστὴν,
1529 5679 1707 5747 σοφῶς
1739 5685 1835 5734 καὶ
1853 5683 2029 5755 ἀπορο

436 5774 614 5846 ῥήτωρ
666 5773 1004 5844 κεκρικόταο
1055 5772 1262 5825 ἐκεῖνον
1318 5771 1416 5841 μὲν
1462 5771 1554 5825 τὸν
1595 5770 1878 5841 ἐλάχιστον
1935 5774 2030 5828 zeal

435 5863 678 5932 ὓστερον,
711 5862 1012 5935 πρωτεύειν
1051 5862 1143 5915 zeal
1164 5860 1524 5934 καθηγεῖσθαι
1552 5879 1563 5891 ·
1605 5864 1751 5933 ἡμᾶς
1785 5862 1839 5918 δέ
1862 5864 2026 5935 ἐσχα-

1674 372 1704 431 J
1717 374 1810 427 UA
1822 372 1861 427 Ν
1876 370 1919 427 Ν
1935 369 2004 428 lS
2065 369 2481 431 CARPATHII

3581 372 3717 437 18M

2123 502 2291 565 τίζειν
2320 501 2447 564 τοὺς
2475 500 2540 570 τῇ
2573 498 2803 569 ἀσκήσει
2872 497 2966 549 zeal
2994 496 3072 567 τῷ
3103 495 3282 567 χρόνῳ
3321 496 3535 550 ἐκείνου
3571 513 3717 568 πρω-

2123 594 2381 656 τεύοντας
2403 608 2417 623 ·
2493 590 2711 659 ἑκάστῳ
2739 589 2850 659 γάρ
2893 586 3170 660 ἀνθρώπῳ
3206 588 3392 652 καθὼς
3420 590 3721 659 μεμέρικεν

2123 685 2153 735 6
2198 679 2425 753 Κύριος,
2455 681 2597 734 οὔτω
2648 681 2745 734 zeal
2797 679 3159 751 στοιχήσομεν
3186 698 3200 713 ο
3249 681 3408 751 εἴπερ
3440 680 3721 753 Πνεύματι

2123 773 2307 843 ζῶμεν
2340 773 2435 827 zea'e
2496 770 2775 841 Πνεύματι
2835 770 3164 841 στοιχῶμεν,
3195 770 3336 823 κατά
3365 769 3428 823 τδ
3466 786 3721 843 γεγραμ-

2126 883 2308 938 μενον.

2192 957 2293 1030 λβ⁰.
2322 958 2608 1029 Μηδὲποτε
2630 956 2897 1026 ἀποδέχου
2910 957 3002 1009 τον
3021 956 3077 1009 ἐν
3102 955 3349 1024 ὑποταγῇ
3381 971 3499 1019 σου,
3531 954 3721 1024 Παρά-

2125 1069 2255 1121 σχου
2281 1070 2392 1122 μοι,
2420 1050 2649 1119 λέγοντά
2684 1066 2790 1113 σοι,
2830 1047 3081 1112 ἐξουσίαν
3106 1047 3297 1118 χρόνον
3332 1046 3466 1117 πρὸς
3497 1045 3714 1116 ἀρετὴν,

2122 1143 2264 1208 τόδε,
2295 1141 2328 1213 ἢ
2361 1142 2478 1195 τόδε
2504 1142 2563 1195 τδ
2596 1143 2830 1213 πρᾶγμα
2872 1139 3189 1209 δοκιμάσαι,
3214 1139 3311 1192 zeal
3338 1137 3483 1191 οὕτω
3518 1155 3720 1210 κατορ-

2123 1235 2329 1289 θῶσαι·
2363 1237 2392 1288 6
2422 1234 2531 1304 γάρ
2589 1234 2656 1307 δὴ
2697 1233 2841 1286 οὕτω
2894 1233 3091 1300 λέγων,
3137 1231 3297 1303 δῆλον
3327 1232 3411 1285 ὅτι
3466 1231 3530 1284 τὸ
3586 1231 3720 1285 ίδιον

2120 1326 2379 1384 ἀποτελεῖ
2423 1325 2638 1396 θέλημα
2684 1326 2779 1379 zeal
2836 1325 2935 1396 τῆς
2969 1324 3256 1396 βελτίστης
3292 1322 3574 1394 ὑποταγῆς
3618 1323 3721 1386 τὶς

2123 1419 2400 1489 συνθήκας
2427 1420 2628 1471 ἀθετεῖ.

2192 1512 2295 1579 λγ’.
2328 1510 2407 1564 Τά
2436 1510 2534 1580 μέν
2558 1508 2660 1579 τῆς
2691 1508 2893 1580 σαρκὸς
2944 1506 3039 1560 zeal
3065 1506 3165 1575 τῆς
3188 1505 3370 1578 ψυχῆς
3392 1506 3718 1577 παθήματα,

2122 1603 2305 1668 καθὼς
2339 1602 2481 1673 ὄψει,
2504 1601 2581 1672 τῷ
2597 1601 2774 1673 χρόνῳ
2829 1602 2923 1653 zeal
2974 1599 3053 1671 τῷ
3096 1598 3229 1669 θείῳ
3259 1598 3490 1669 νεύματι
3517 1599 3721 1667 ἐξαφαο

2121 1694 2439 1763 νισθήσεται
2467 1693 2645 1746 καίτοι
2692 1689 3073 1762 ἐπαυξηθέντα
3099 1705 3114 1721 ⁸
3150 1689 3211 1743 τὸ
3258 1689 3317 1743 δέ
3348 1690 3443 1742 τοῦ
3479 1690 3718 1761 Χριστοῦ

2122 1787 2273 1849 ιλεος
2327 1783 2582 1854 οὐδαμῶς
2631 1782 3011 1854 φθαρήσεται·
3070 1781 3131 1834 τὸ
3174 1783 3282 1854 γὰρ
3311 1781 3514 1852 Κυρίου
3547 1782 3713 1848 ἔλεος,

2124 1879 2236 1936 ἀπὸ
2261 1878 2356 1932 τοῦ
2386 1879 2583 1942 αἰῶνος
2615 1876 2833 1945 τούτου,
2854 1876 2945 1931 zeal
2981 1876 3087 1941 ἕως
3119 1875 3216 1930 τοῦ
3250 1876 3447 1940 αἰῶνος
3468 1876 3562 1930 τοῦ
3588 1877 3717 1947 μέλ⁸

2123 1972 2307 2032 λοντος
2330 1969 2423 2021 ἐπὶ
2458 1971 2585 2031 τοὺς
2606 1967 2974 2037 φοϐουμένους
3008 1967 3193 2021 αὐτόν.

2206 2059 2301 2115 λδ’.
2329 2059 2608 2130 Θησαυροὶ
2631 2059 2903 2131 βασιλικοὶ
2929 2057 3331 2130 πλησθήσονται
3356 2058 3605 2129 χρυσίου.
3621 2060 3717 2113 zeal

2133 2156 2184 2208 οἱ
2200 2153 2316 2215 νόες
2331 2152 2440 2205 τῶν
2460 2152 2676 2221 ἀληθῶς
2702 2150 2949 2223 μοναχῶν
2969 2150 3419 2223 πληρωθήσονται
3436 2149 3713 2219 γνώσεως.

2204 2228 2299 2286 λε’.
2331 2229 2518 2283 Ἔστιν
2549 2229 2636 2281 ὅτε
2674 2228 2995 2291 διδάσκαλος
3048 2235 3129 2292 εἰς
3171 2232 3400 2299 ἀτιμίαν
3426 2232 3717 2300 ἐκδίδοται,

2136 2321 2279 2393 ὑπὲρ
2337 2321 2446 2375 τῶν
2499 2320 2884 2392 πνευματικῶς
2924 2321 3319 2393 ὠφεληθέντων
3370 2326 3497 2390 τοὺς
3527 2343 3722 2397 πειρα-
3800 2308 3825 2323 ’

2136 2409 2311 2478 σμοὺς
2356 2408 2722 2479 ὑφιστάμενος
2744 2424 2759 2439 ο
2813 2410 2973 2480 ήμεῖς
3004 2414 3134 2482 γὰρ,
3176 2414 3362 2484 φησὶν,
3388 2414 3597 2486 ἄτιμοι.
3624 2416 3724 2472 καὶ

2133 2498 2531 2570 ἀτιμαζόμενοι
2585 2499 2663 2569 τῷ
2708 2499 2954 2567 σκόλοπι,
3005 2502 3099 2556 zeal
3133 2501 3489 2569 ἀσθενοῦντες
3516 2523 3531 2539 ο
3561 2506 3723 2578 ὑμεῖς

2132 2590 2192 2646 δὲ
2222 2590 2423 2658 ἔνδοξοι
2442 2591 2538 2644 zeal
2565 2592 2775 2661 ίσχιιρολ⁵
2805 2592 2862 2643 ἐν
2885 2592 3105 2663 Χριστῷ
3135 2595 3533 2666 καθεστήκατε.

2203 2704 2311 2769 λς’.
2343 2703 2501 2775 Πηγὴ
2532 2703 2625 2757 zeal
2658 2702 2917 2767 ὑπόθεσις
2940 2703 3041 2774 τῆς
3078 2703 3167 2758 διά
3195 2706 3399 2777 σαρκὸς
3429 2706 3658 2778 φθορᾶς,
3692 2708 3726 2760 6

2134 2793 2389 2864 ἐμπαθὴς
2429 2793 2728 2863 λογισμός·
2775 2791 2834 2845 δν
2874 2791 2965 2846 διά
3001 2794 3290 2863 μετανοίας
3330 2793 3563 2865 ἐξορίζει
3624 2796 3723 2866 τῆς

2134 2884 2337 2955 ψυχῆς,
2366 2884 2394 2936 ὁ
2419 2882 2595 2953 νήψας
2626 2883 2765 2952 μετὰ
2793 2883 2853 2936 τὸ
2904 2886 3152 2953 πταῖσμα
3171 2898 3185 2912 ⁸
3221 2884 3403 2949 καλῶς
3427 2885 3535 2956 γάρ
3564 2887 3727 2937 ἐπεν-

2136 2978 2340 3049 θήσατε
2368 2974 2591 3046 μᾶλλον,
2622 2975 2710 3029 ῖνα
2748 2975 2950 3047 ἐξαρθῇ
2999 2978 3065 3030 ἐκ
3114 2977 3281 3049 μέσου
3314 2978 3517 3047 ύμῶνό
3544 2979 3605 3031 τὸ
3631 2977 3727 3049 έρ-

2135 3087 2233 3138 γον
2261 3069 2421 3123 τοῦτο
2471 3068 2681 3140 πρᾶξαι
2744 3068 3059 3141 προτρέψας
3115 3069 3350 3141 πονηρὸς
3380 3070 3475 3124 zeal
3512 3070 3727 3134 ἀνόσιος

2134 3161 2423 3231 λογισμός·
2455 3160 2652 3214 οὐκοῦν
2674 3160 2733 3214 τὸ
2764 3159 2957 3225 πένθος
2983 3163 3285 3216 ἀντίκειται
3334 3161 3412 3232 τῷ
3445 3162 3724 3233 πνεύματι

2135 3255 2234 3325 τῆς
2263 3254 2492 3324 φθορᾶς.

2209 3364 2309 3431 λζ’.
2345 3367 2441 3428 Τίς
2460 3368 2755 3437 ἀναγγελεῖ
2774 3368 2855 3439 τῷ
2880 3372 3298 3442 ἐκπεπιεσμένῳ
3332 3372 3391 3423 ἐν
3420 3373 3485 3441 τῇ
3515 3369 3729 3439 ἀδοξίᾳ,

2141 3459 2236 3512 zeal
2259 3460 2326 3528 τῇ
2350 3457 2626 3528 ἀδυναμί,.
2654 3457 2763 3511 τῶν
2780 3460 2994 3530 ἀρετῶν
3023 3460 3105 3513 ὃτι
3127 3460 3318 3530 ὄψεται
3356 3461 3447 3513 τὸν
3480 3458 3727 3528 Ἰησοῦνς

2139 3552 2203 3605 οὐ
2264 3555 2426 3621 μόνον
2474 3551 2616 3605 κατά
2672 3553 2733 3604 τὸ
2787 3552 3002 3622 μέλλον,
3053 3553 3189 3606 ἀλλά
3222 3554 3317 3606 zeal
3343 3552 3591 3607 ἐντεῦθεν
3623 3553 3729 3623 ήδη

2142 3642 2281 3713 μετά
2308 3640 2613 3712 δυνάμεως,
2649 3643 2744 3696 zeal
2767 3642 2929 3712 δόξης
2967 3642 3212 3714 μεγάλης
3251 3645 3543 3714 ἐρχόμενον
3587 3644 3731 3713 πρὸς

2138 3732 2303 3786 αὐτὸν
2328 3732 2419 3785 διά
2447 3733 2545 3801 τῆς
2568 3734 2873 3799 ἀπαθείας;
2899 3732 3040 3787 ῶστε
3063 3737 3261 3801 εἰπεῖν,
3289 3737 3429 3788 κατά
3450 3736 3547 3805 τὴν
3580 3736 3730 3805 Σάρ-

2141 3826 2262 3895 ραν,
2281 3824 2460 3896 ψυχὴν
2482 3823 2581 3895 τήν
2600 3828 2658 3877 ἐν
2680 3828 2749 3897 τῇ
2771 3826 3057 3896 στειρώσει
3082 3829 3428 3897 γηράσασαν,
3456 3831 3550 3881 zeal
3574 3828 3732 3898 παρά

2141 3917 2468 3987 προσδοκίαν
2492 3920 2777 3971 τετοκυῖαν
2794 3919 2909 3971 υἱὸν
2952 3919 3322 3988 δικαιοσύνης,
3345 3920 3427 3972 ὅτι
3457 3940 3475 3971 ι
3509 3919 3733 3974 Γέλωτά

2143 4008 2711 4081 μοιέποίησενόΘεὸς,
2746 4030 2763 4063 z
2792 4010 3039 4065 τουτέστι
3077 4013 3351 4083 μεγίστην
3377 4013 3733 4083 χαράνδεδώ-

2143 4116 2328 4170 ρηται,
2381 4100 2459 4172 τῷ
2492 4100 2767 4165 πλείστοις
2802 4102 2949 4155 ἔτεσι
2993 4103 3494 4174 καταλελυπημένῳ
3522 4107 3589 4173 τῇ
3627 4122 3733 4155 πο-

2139 4193 2429 4265 λυπαθείᾳ·
2449 4193 2483 4266 ἢ
2501 4193 2691 4265 ῶσπερ
2716 4194 2872 4258 ἀλλος
2895 4195 3169 4265 ἑρμηνεὺς
3192 4196 3443 4261 ἐξέδωκε,
3479 4196 3730 4265 ιΤρυφεσ

2143 4285 2265 4357 ρίαν
2288 4286 2649 4356 μοιέποίησεν
2680 4288 2709 4338 6
2738 4287 2893 4350 Θεὸς,
2922 4305 2940 4338 ι
2962 4286 3264 4351 τουτέστιν,
3292 4306 3311 4339 e
3348 4287 3731 4357 Ἀνεκαινίσυη

2142 4378 2218 4441 ὡς
2238 4378 2399 4431 ἀετοῦ
2419 4380 2452 4449 ή
2472 4378 2662 4449 νεότης
2691 4396 2817 4448 μου.
2842 4399 2859 4432 ι
2881 4378 3260 4433 Παλαιωθεῐσα
3288 4381 3399 4450 γὰρ
3425 4380 3486 4432 τὸ
3515 4381 3644 4448 πρὶν
3676 4396 3736 4429 εν

2140 4465 2435 4539 ἁμαρτίαις
2484 4468 2579 4521 zeal
2627 4468 2859 4521 πάθεσιν
2907 4467 3158 4537 ἀτιμίας,
3213 4468 3311 4522 νῦν
3358 4469 3738 4536 ἀναγεγεννη-

2143 4575 2267 4628 μαι,
2310 4558 2404 4611 zeal
2430 4557 2619 4628 ἀνηδῶ
2653 4559 2749 4611 zeal
2767 4558 3116 4630 ἀπαλύνομαι
3147 4559 3385 4631 όπρώην
3415 4576 3735 4629 τετραχυμ-

2143 4652 2304 4721 μένος
2355 4653 2422 4721 τῇ
2482 4650 2616 4721 ῦλῃ·
2647 4652 2742 4704 zeal
2772 4652 2931 4716 λείως
2956 4652 3141 4723 βλέπω
3184 4653 3280 4707 νῦν
3333 4653 3524 4706 λοιπὸν
3556 4656 3629 4705 τὰ
3672 4655 3737 4705 ἐν

2141 4746 2329 4813 κόσμῳ
2356 4742 2678 4813 πράγματα,
2716 4742 3039 4814 ἀπειληφὼς
3060 4744 3123 4797 τὸ
3144 4744 3287 4798 κατά
3307 4741 3470 4814 φύσιν
3500 4743 3732 4808 ἁπλοῦν,

2143 4832 2237 4886 zeal
2266 4832 2569 4900 ἀποίκιλον,
2616 4833 2971 4902 ὑγιασθέντος
3031 4834 3123 4887 τοῦ
3182 4833 3297 4899 νοῦ,
3366 4837 3433 4906 τῇ
3466 4832 3559 4887 τοῦ
3593 4833 3734 4887 Θεοῦ

2142 4922 2548 4996 πολυσπλαγχνί
2563 4945 2586 4995 μ.
2606 4940 2620 4955 ο
2646 4925 2740 4979 zeal
2771 4925 2995 4993 γέγονεν
3026 4928 3057 4996 ή
3089 4924 3229 4996 σάρξ
3253 4942 3378 4996 μου,
3405 4924 3596 4995 ῶσπερ
3635 4926 3734 4979 τοῦ

2142 5020 2318 5090 Σύρου
2355 5021 2598 5091 Νεεμάν,
2647 5021 2901 5092 καθάπερ
2951 5022 2985 5092 ή
3036 5021 3147 5074 τῶν
3175 5020 3517 5091 νηπίων,δώ
3554 5022 3616 5072 τὸ
3644 5019 3735 5072 λε-

2142 5106 2364 5160 λσῦσθαί
2428 5126 2495 5178 με
2565 5109 2645 5180 τῷ
2683 5110 2925 5183 Ἰορδάνῃ
2962 5111 3065 5181 τῆς
3111 5111 3405 5180 γνώσεως·
3466 5111 3560 5163 zeal
3614 5110 3735 5180 εἰμὶ

2147 5201 2478 5270 μονότροπος
2508 5244 2522 5267 ,
2576 5204 2642 5272 τῇ
2724 5201 2820 5255 τοῦ
2871 5202 3008 5256 Θεοῦ
3063 5203 3251 5275 χάριτι
3311 5202 3735 5274 ἀπηλλαγμένος

2144 5293 2240 5361 τῆς
2297 5292 2389 5345 τοῦ
2433 5293 2614 5363 ὄφεως
2675 5293 2904 5367 γνώμης
2945 5298 3039 5350 zeal
3093 5297 3190 5349 τοῦ
3252 5298 3497 5367 στίφους,
3546 5290 3735 5368 ὧνπερ

2145 5385 2296 5457 παρά
2324 5385 2422 5458 τὴν
2466 5385 2627 5455 φύσιν
2653 5387 2973 5461 ἐκτησάμην
2987 5388 3048 5442 τὸ
3082 5389 3371 5461 πρότερον,
3390 5390 3735 5462 πολυπείρων

2142 5493 2202 5530 τε
2229 5480 2323 5531 zeal
2353 5479 2635 5534 πολυύλων
2681 5480 2959 5553 λογισμῶν
2986 5483 3085 5553 τῆς
3120 5484 3340 5547 κακίας.

2213 5590 2314 5664 λη’.
2355 5594 2591 5650 ’Υπόθου
2630 5596 2769 5667 πρὸς
2816 5598 2876 5652 σὲ
2946 5598 3124 5666 λέγειν
3180 5600 3272 5652 τὸν
3351 5598 3595 5669 Κύριον,
3649 5599 3737 5654 ὅτι

2144 5685 2339 5755 Καιρῴ
2367 5703 2474 5738 τινι
2522 5676 2831 5758 ἀφειλόμην
2888 5705 2982 5741 σου
3007 5689 3147 5752 τόδε,
3179 5689 3274 5743 zeal
3302 5689 3420 5744 τόδε
3461 5690 3735 5761 χάρισμα,

2143 5774 2229 5844 ἐφ’
2260 5771 2342 5837 οἷς
2377 5777 2587 5841 ἐδόκεις
2630 5778 2723 5832 τὸν
2764 5778 2890 5834 νοῦν
2922 5797 3020 5834 σου
3074 5783 3460 5852 πληροφορεῖν,
3496 5781 3590 5835 zeal
3617 5780 3734 5834 διαο

2146 5870 2484 5926 νιιπαύεσθαι
2513 5889 2524 5901 ·
2564 5869 2771 5926 δέδωκα
2809 5872 2865 5926 δέ
2896 5889 2977 5927 σοι
3019 5873 3134 5929 ἀντ’
3165 5873 3347 5930 αὐτῶν
3372 5873 3557 5943 ἓτερον
3584 5873 3731 5926 ἀντίο
