4086 6402
341 386 483 453 18ί5

339 506 586 572 σταθμόν
614 500 859 571 χάρισμα
876 495 1017 560 τόδε,
1046 493 1141 548 καί
1160 492 1281 547 τόδε
1302 506 1316 521 ⁸
1342 489 1405 543 σὺ
1426 488 1506 554 δέ,
1534 489 1604 545 τά
1633 489 1735 560 μὲν
1758 488 1924 557 ἀφαι-

341 595 570 665 ρεθέντα
592 589 809 653 ἐννοῶν,
840 588 907 642 τά
940 588 995 640 δέ
1022 586 1242 640 δοθέντα
1272 584 1414 652 ύπέρ
1442 582 1665 635 ἐκείνων
1708 580 1783 651 μὴ
1804 595 1929 631 συν-

342 686 505 757 opﬁw,
536 683 877 755 στυγνάζεις,
897 681 991 735 καί
1011 679 1218 749 ἀλγεῖς,
1249 678 1341 731 καὶ
1361 678 1429 747 τῇ
1467 670 1928 747 λύπῃτιτρώσκῃ,

345 777 461 830 ἀλλ’
489 774 807 845 εὐφραίνεις
846 789 914 843 με
966 770 1304 840 λυπούμενος
1340 767 1401 832 ἐξ
1438 764 1598 836 ἐμοῦ.
1632 761 1805 817 Δυπῶ
1825 763 1933 831 γὰρ

345 869 459 940 ἐγὼ
492 871 625 941 πρὸς
652 867 713 920 16
760 867 1058 937 συμφέρον,
1102 862 1274 915 σῶσαι
1313 860 1531 931 μᾶλλον,
1586 858 1687 910 οὐκ
1737 854 1935 909 ἀπολέ-

351 979 441 1015 σαι
464 958 990 1033 πραγματευόμενος
1020 956 1111 1009 16v
1135 952 1520 1023 λελογισμένον
1549 966 1640 1020 μοι
1672 948 1786 999 υίὺν
1820 944 1931 1017 [Im

347 1067 426 1127 εἰς
448 1060 610 1134 υἰόν].

419 1217 517 1273 λθ⁹.
562 1218 848 1283 Ἐπιτάξαι
898 1212 1113 1283 σεαυτῴ
1141 1212 1218 1281 μὴ
1269 1210 1466 1279 φαγεῖν
1494 1208 1716 1276 νόμισον
1755 1202 1927 1272 ἰχθῦν,

347 1316 442 1368 καὶ
484 1312 774 1381 ἐπιθεώρει
833 1307 978 1379 μετά
995 1305 1167 1361 ταῦτα
1215 1304 1297 1357 ὅτι
1332 1300 1469 1372 πρὸς
1500 1299 1599 1368 τὴν
1632 1295 1932 1365 ἐπιθυμίαν

349 1408 444 1464 τοῦ
486 1408 669 1481 ἰχθύος
725 1405 1025 1468 ἀνενδότως
1076 1404 1104 1455 6
1144 1397 1339 1470 ἐχθρὸς
1363 1394 1685 1452 κατελαύνει
1712 1406 1806 1446 σε’
1843 1389 1935 1443 καὶ

352 1503 418 1555 σὺ
447 1500 610 1555 πάλιν
633 1498 858 1565 ὁμοίως,
893 1495 1032 1563 πρὸς
1061 1491 1159 1562 τὴν
1187 1490 1490 1544 ἀπόλαυσιν
1515 1486 1608 1540 τοῦ
1635 1484 1934 1552 ἀϐουλήτου

352 1609 438 1647 σοι
470 1589 735 1662 ἐμμανῶς
786 1584 1112 1657 κατεπείγῃ,
1165 1582 1316 1644 ὅπως
1355 1578 1423 1633 ἂν
1447 1577 1724 1649 μανθάνῃς
1745 1574 1814 1628 τὰ
1841 1572 1935 1627 τοῦ

364 1681 539 1749 Ἀδὰμ
569 1677 815 1740 τυπικῶς
850 1670 1237 1746 συμϐεϐηκότα
1255 1685 1270 1702 ·
1305 1668 1547 1731 ἀκούσας
1569 1667 1679 1736 γὰρ
1703 1667 1937 1731 ἐκεῖνος,

353 1773 447 1843 Μὴ
477 1770 656 1844 φάγῃς
683 1772 747 1823 ἐκ
771 1767 961 1823 τούτου
999 1764 1159 1837 μόνον
1188 1760 1284 1815 τοῦ
1313 1761 1661 1833 πράγματος,
1679 1758 1759 1820 εἰς
1782 1754 1941 1810 τοῦτο

359 1864 595 1938 μάλιστα
626 1861 764 1933 μετά
791 1858 991 1929 πολλῆς
1012 1853 1308 1926 ἐπιθυμίας
1335 1854 1428 1906 καὶ
1453 1851 1613 1924 μόνον
1645 1849 1707 1902 16
1729 1851 1938 1920 ἀπηγοο

359 1975 454 2030 ρευ
462 1957 624 2029 μένον
656 1953 1022 2025 δεδράμηκεν.

430 2052 504 2118 μ’.
540 2045 734 2099 ’Δλλον
793 2045 903 2114 γάρ
953 2041 1045 2096 διά
1080 2041 1182 2110 τῆς
1209 2035 1465 2108 γνώσεως
1506 2036 1534 2088 6
1581 2034 1713 2097 Θεὸς
1742 2031 1938 2097 σώζειο

359 2139 456 2193 καὶ
475 2137 635 2193 ἀλλον
660 2136 750 2191 διά
778 2136 875 2207 τῆς
930 2132 1323 2206 ἀκεραιότητος
1371 2128 1468 2182 καὶ
1492 2125 1732 2188 ἀκακίας
1757 2139 1771 2154 ⁸
1802 2122 1941 2176 εἰδέ-

352 2248 443 2283 ναι
470 2230 582 2300 γάρ
609 2226 865 2297 ὀφείλεις,
889 2228 972 2281 611
992 2227 1053 2280 οὐ
1088 2225 1164 2298 μή
1208 2224 1608 2295 ἀποποιήσεται
1636 2225 1666 2275 6
1694 2222 1827 2285 Θεδς
1852 2220 1944 2274 16v

353 2325 587 2381 ἄκακον.

431 2416 543 2488 μα’.
579 2415 737 2470 Ὅσοι
759 2418 826 2488 τῇ
863 2414 994 2485 εὐχῇ
1043 2409 1406 2483 σφοδρότερον
1438 2408 1760 2480 κέχρηνται,
1798 2398 1947 2459 οῦτοι

357 2509 464 2565 6116
489 2509 598 2564 τῶν
651 2506 900 2581 φοϐερῶν
941 2505 1042 2559 καὶ
1099 2502 1310 2574 ἀγρίων
1368 2497 1696 2572 πειρασμῶν
1746 2497 1950 2569 ἐκπορ-

358 2600 602 2655 θοῦνται.

432 2691 543 2763 μβ’.
568 2691 744 2762 Εῖπερ
767 2707 866 2762 την
909 2689 1184 2744 ἀπάθειαν
1238 2687 1500 2759 προείλου
1531 2683 1944 2758 ἀμφιάσασθαι,

360 2781 440 2853 μὴ
458 2782 782 2854 ἀμερίμνως
805 2781 1071 2846 διάκεισο,
1107 2780 1222 2833 ἀλλ’
1242 2781 1341 2852 ὅση
1373 2778 1606 2849 δύναμις
1631 2762 1941 2830 σπούδασαι

357 2873 565 2944 ταύτης
593 2875 911 2944 ἐπιτυχεῖν’
962 2871 1297 2947 στενάζομεν
1355 2870 1486 2940 γάρ,
1530 2868 1593 2922 16
1635 2867 1952 2938 οἰκητήριον

360 2967 519 3037 ἡμῶν
561 2966 622 3018 τὸ
676 2965 736 3032 ἐξ
787 2964 1020 3034 ούρανοῦ
1071 2963 1472 3018 ἐπενδύσασθαι
1514 2957 1951 3022 ἐπιποθοῦντες*

363 3058 450 3111 ἵνα
483 3056 791 3128 καταποθῇ,
823 3056 883 3109 ού
911 3055 1073 3126 μόνον
1123 3053 1451 3125 σωματικῶς
1496 3051 1634 3122 μετά
1668 3052 1770 3122 τήν
1817 3066 1950 3103 συν-

361 3149 578 3205 τέλειαν
623 3149 719 3202 τοῦ
773 3147 999 3212 αἰῶνος,
1026 3143 1282 3201 ἀλλάοιαὶ
1323 3145 1577 3200 ἐντεῦθεν
1606 3144 1713 3217 ήδη
1743 3142 1955 3212 νοητῶς

364 3242 509 3297 κατά
559 3242 652 3296 τὸν
698 3240 1038 3315 ἀρραϐῶνα,
1090 3242 1151 3293 16
1210 3238 1404 3309 θνητὸν
1461 3236 1567 3290 6116
1612 3234 1715 3306 τῆς
1769 3233 1952 3304 ζωῆςο

365 3335 650 3406 κατεπόθη
686 3334 797 3407 γὰρ
847 3335 877 3387 6
918 3333 1150 3396 θάνατος
1177 3334 1257 3395 εἰς
1296 3335 1446 3394 νῖκος
1467 3346 1482 3360 ο
1509 3329 1609 3383 καὶ
1637 3325 1958 3397 καταποθή-

369 3442 553 3479 σονται
594 3424 793 3487 πάντες
816 3422 1107 3491 Αἰγύπτιοι
1137 3423 1186 3475 οἱ
1219 3420 1566 3482 ἐκθλίϐοντες
1598 3419 1768 3490 ἡμᾶς,
1786 3433 1960 3471 κατα-

362 3517 655 3579 διώκοντες
688 3514 868 3568 ὀπίσω
896 3512 1072 3584 ήμῶν,
1111 3514 1168 3565 ἐν
1202 3513 1313 3573 τοῖς
1355 3511 1562 3580 κύμασι
1583 3509 1678 3580 τῆς
1709 3508 1769 3573 ἐξ
1787 3508 1957 3579 οὐρα-

362 3608 457 3663 νοῦ
491 3610 624 3679 ἡμῖν
651 3605 1141 3677 καταπεμφθείσης
1172 3603 1478 3671 δυνάμεως.

438 3708 552 3772 μ’γὶ
588 3699 715 3755 Ἐὰν
743 3697 978 3770 ἐπιλάθῃ
1005 3696 1097 3751 τοῦ
1126 3697 1391 3759 εἰπόντος,
1412 3695 1491 3747 ὅτι
1525 3712 1545 3745 1
1576 3692 1823 3755 Δέδοικα,
1851 3691 1957 3762 μή-

365 3808 482 3853 πως
499 3788 679 3849 άλλοις
691 3788 934 3863 κηρύξας
950 3788 1115 3852 αὐτὸς
1134 3787 1392 3857 ἀδόκιμος
1406 3787 1668 3854 γένωμαι
1687 3802 1706 3837 ι
1727 3783 1844 3845 καὶ,
1861 3800 1876 3834 1
1900 3781 1959 3835 '0

363 3883 537 3937 δοκῶν
551 3883 795 3947 ἐστάναι,
818 3881 1062 3953 βλεπέτω
1079 3880 1153 3952 μὴ
1177 3879 1339 3950 πέσῃ,
1356 3898 1373 3931 ι
1397 3877 1575 3932 καὶσὺ
1600 3879 1628 3930 6
1656 3892 1959 3947 πνευματι-

366 3976 462 4040 κὸς
504 3976 722 4029 σκοπῶν
769 3975 1021 4040 σεαυτὸν,
1057 3974 1132 4045 μὴ
1156 3972 1251 4027 καὶ
1298 3973 1366 4025 σὺ
1394 3969 1717 4042 πειρασθῇς,
1742 3968 1838 4022 καὶ
1865 3969 1962 4022 ἐὰν

367 4069 757 4141 ἀλησμονήσῃς
809 4070 907 4137 τῆς
954 4067 1052 4120 τοῦ
1108 4065 1475 4136 Σολομῶντος,
1523 4064 1660 4135 μετά
1690 4061 1965 4133 τοσαύτην

368 4159 549 4230 χάριν,
600 4159 874 4229 ἐκτροπῆς
919 4158 1013 4210 καί
1052 4156 1318 4227 ἀνομίας·
1363 4157 1457 4209 καὶ
1490 4154 1584 4209 ἐάν
1614 4155 1753 4227 λήθῃ
1785 4170 1965 4225 παρα·

369 4251 474 4319 δῷς
502 4250 602 4323 τὴν
636 4249 731 4304 τοῦ
760 4251 998 4320 μεγάλου
1037 4250 1246 4320 Πέτρου
1278 4247 1688 4319 ἀπροσδόκητον
1707 4247 1960 4316 ἀρνησιν,

371 4339 646 4409 θάρσησον
675 4342 742 4409 τῇ
774 4337 975 4407 γνώσει
1041 4354 1159 4401 σου,
1221 4337 1313 4391 καὶ
1362 4335 1699 4408 μεγαλαύχει
1759 4337 1853 4388 ἐπὶ
1896 4338 1963 4407 τῇ

371 4430 638 4500 πολιτείᾳ,
698 4431 793 4482 καὶ
838 4429 918 4500 τῷ
956 4429 1135 4501 χρόνῳ
1177 4429 1273 4499 τῆς
1307 4428 1509 4498 πολλῆς
1552 4445 1645 4481 σου
1680 4427 1969 4498 ἀσκήσεως

372 4520 708 4591 ἐναϐρύνου,
740 4523 835 4573 καὶ
883 4519 1060 4592 δώσης
1113 4520 1279 4573 τόπον
1310 4522 1377 4591 τῇ
1430 4517 1798 4590 ὑπερηφανίᾳο
1831 4517 1970 4574 ἀλλὰ

376 4612 642 4682 μηδαμῶς
706 4610 1009 4680 ὑπτιωθῇς,
1069 4605 1114 4664 ὦ
1174 4610 1399 4680 ἀδελφέ,
1453 4610 1621 4680 φοϐοῦ
1655 4609 1711 4663 δὲ
1742 4610 1963 4679 μᾶλλον,

379 4704 571 4776 μέχρις
600 4704 687 4756 ὅτε
729 4702 1013 4774 ἐμπνέεις,
1044 4701 1147 4755 κᾶν
1179 4703 1260 4765 εἰς
1314 4703 1405 4754 τὶν
1464 4702 1699 4774 ἀριθμὸν
1728 4702 1969 4770 ἔφθασας

375 4796 485 4849 τῶν
517 4796 800 4858 Μωῦσέως
834 4793 1001 4858 ἐτῶν,
1037 4795 1130 4847 καὶ
1165 4792 1328 4864 εὔχου
1363 4793 1573 4862 λέγων·
1600 4813 1619 4845 1
1660 4793 1855 4865 Κύριε,
1893 4794 1969 4865 μὴ

378 4888 695 4961 ἀπορρίψῃς
736 4904 803 4957 με
834 4887 915 4949 είς
978 4884 1170 4957 καιρὸν
1192 4886 1384 4954 γήρως
1416 4901 1541 4954 μου,
1586 4887 1643 4938 ἐν
1682 4885 1762 4957 τῷ
1793 4883 1972 4938 ἐκλεί-

378 4998 505 5036 πειν
525 4982 628 5051 τὴν
662 4977 817 5050 ἰσχύν
860 4995 986 5048 μου,
1045 4979 1123 5048 μὴ
1182 4976 1562 5047 ἐγκαταλίπῃς
1595 4993 1694 5047 με’
1719 4980 1747 5029 6
1786 4977 1915 5040 Θεὸς
1944 4977 1972 5031 6

379 5074 571 5145 Σωτήρ
600 5088 737 5143 μουο
759 5074 817 5125 ἐν
851 5072 934 5124 σοὶ
972 5073 1006 5141 ή
1040 5069 1275 5142 ὓμνησίς
1304 5087 1407 5140 μου
1439 5069 1750 5132 διαπαντός.
1793 5088 1811 5121 ι

453 5164 564 5236 μη’.
592 5164 728 5235 Φησί
757 5180 837 5218 σοι
867 5167 895 5217 6
922 5162 1148 5233 Κύριος,
1200 5162 1274 5226 ὡς
1312 5161 1390 5229 τῷ
1436 5160 1725 5231 Ματθαίῳ,
1764 5181 1780 5212 1
1818 5162 1973 5214 Ἀκο-

379 5257 563 5311 λούθει
587 5272 709 5326 μοι·
747 5274 767 5307 ι
804 5257 869 5309 σὺ
907 5255 999 5309 οῦν
1035 5255 1124 5307 τὸν
1146 5255 1237 5307 σὺν
1268 5253 1645 5325 πολυπόθητον
1680 5257 1746 5324 τῇ
1770 5251 1971 5324 προθυ-

385 5351 483 5420 μίᾳ
522 5349 879 5402 καταδιώκων
932 5348 1239 5418 Δεσπότην,
1298 5348 1393 5424 ἐάν
1441 5347 1583 5403 κατά
1602 5347 1700 5401 τὶην
1728 5347 1846 5400 666v
1874 5345 1970 5401 τοῦ

383 5439 498 5511 βίου
531 5438 847 5511 1190st;
878 5439 1016 5510 πρὸς
1071 5438 1219 5491 λίθον
1272 5437 1494 5509 ἐμπαθῆ
1531 5438 1621 5490 τὸν
1672 5438 1807 5491 πόδα
1852 5453 1970 5505 σου,

382 5532 479 5585 καὶ
498 5532 670 5601 πέσῃς
705 5530 840 5600 πρὸς
877 5531 1156 5601 ἁμαρτίαν
1207 5529 1509 5601 ἀδοκήτως,
1562 5529 1596 5600 ἢ
1648 5530 1742 5583 καὶ
1768 5527 1973 5582 πολλά-

385 5638 493 5687 κις,
553 5621 787 5674 ἰλυωδῶν
831 5622 1236 5693 εὑρισκομένων
1274 5622 1477 5685 τόπων,
1529 5620 1604 5685 ὡς
1646 5621 1746 5675 οὐκ
1778 5621 1970 5693 ἤθελες

383 5712 698 5784 ὠλίσθησας
752 5712 847 5764 καὶ
888 5713 1347 5784 ἐπτωματίσθης,
1401 5712 1595 5776 ὁσάκις
1662 5714 1726 5767 ἂν
1786 5713 1972 5784 συμϐῇ

388 5806 573 5857 πεσεῖν
595 5822 651 5857 τε
676 5807 769 5857 καὶ
785 5804 1074 5875 βασανίσαι
1094 5804 1154 5859 16
1178 5806 1359 5874 σῶμα,
1380 5806 1697 5867 τοσαυτάκι,
1734 5806 1974 5870 ἀναστὰς

1477 374 1640 435 CAP!
1654 374 1754 435 TL'
1768 373 1855 431 LA
1908 373 1949 430 Α
1964 370 2010 430 D
2071 368 2494 429 MONACHOS.

3469 355 3633 423 1816’

2023 487 2089 554 τῇ
2122 484 2263 554 αὑτῇ
2323 481 2603 554 προθυμίᾳ
2653 481 2962 536 καταδίωκε
3002 481 3094 536 16v
3133 481 3332 538 σαυτοῦ
3383 482 3611 554 Κύριον,

2026 578 2128 640 ἓως
2152 574 2218 630 ἂν
2249 576 2467 649 φθάσῃς
2521 576 2708 631 αὐτόν.
2756 574 2945 640 Οὕτως
2976 576 3034 629 ἐν
3065 575 3142 649 τῷ
3182 576 3322 648 ἁγίῳ
3370 576 3612 648 ἐνθυμή-

2027 687 2155 739 ματι
2178 668 2367 738 ὤφθην
2399 684 2504 735 σοι,
2533 669 2627 722 τοῦ
2683 669 2811 722 ἰδεῖν
2844 668 2942 741 τὴν
2974 667 3254 733 σώζουσάν
3278 685 3346 739 με
3379 667 3615 738 δύναμιν

2024 761 2306 826 καὶδόξαν,
2327 761 2423 815 καὶ
2446 762 2505 813 ἐν
2524 759 2600 832 τῷ
2619 760 2844 832 ὀνόματί
2868 776 2984 826 σου,
3013 760 3207 831 Κύριε,
3240 759 3359 831 ἀρῶ
3376 761 3475 822 τὰς
3501 761 3615 829 χεῖ-

2026 856 2121 923 ρᾶς
2158 870 2284 923 μου,
2308 853 2404 905 καί
2429 852 2800 924 ύπολήψομαι.
2854 853 2966 906 Καὶ
3018 854 3319 925 νομίσομαε
3362 853 3610 918 στέατος,

2025 948 2120 1001 καὶ
2170 946 2428 1017 πιότητος
2469 944 2836 1016 πιμπλᾶσθαι,
2866 945 2961 997 καὶ
3008 944 3408 1015 χαρήσεταιτά
3455 943 3609 1015 χείλη

2029 1057 2130 1110 μου
2160 1039 2434 1108 ψάλλοντά
2475 1054 2560 1091 σοι
2582 1052 2595 1067 ⁶
2639 1037 2784 1109 μέγα
2813 1038 2923 1107 γάρ
2969 1055 3061 1108 μοι
3094 1037 3176 1090 ὅτι
3216 1036 3614 1107 ἐπωνομάσθην

2026 1130 2377 1203 Χριστιανὸς,
2404 1129 2596 1201 ὥσπερ
2622 1128 2771 1197 λέγει
2799 1145 2889 1200 μοι
2910 1127 3113 1199 Κύριος
3126 1127 3213 1181 διά
3228 1127 3320 1181 τοῦ
3363 1126 3610 1193 Ἡσαΐου,

2026 1224 2107 1276 ὅτι
2138 1241 2157 1274 1
2196 1222 2355 1290 Μέγα
2387 1221 2469 1274 σοί
2498 1223 2645 1275 ἐστιν
2675 1221 2735 1274 16
2785 1219 3053 1292 κληθῆναί
3100 1236 3182 1272 σοι
3233 1218 3399 1272 παῖδά
3422 1236 3548 1289 μου.
3590 1239 3608 1271 ι

2101 1314 2203 1384 με’.
2258 1313 2344 1385 Πῆ
2398 1313 2499 1384 μὲν
2553 1313 2743 1384 φησὶν,
2777 1313 2900 1366 6111
2926 1310 3099 1365 Δώσει
3129 1311 3308 1381 ἀγαθά
3349 1313 3379 1365 ό
3425 1313 3610 1382 Πατὴρ

2027 1410 2140 1471 τοῖς
2158 1406 2403 1462 αἰτοῦσιν
2428 1406 2650 1473 α’ύτδν,›
2677 1409 2753 1477 πῆ
2771 1406 2849 1472 δέ,
2866 1408 2948 1460 ὅτι
2978 1425 2997 1459 1
3022 1406 3433 1476 ΔώσειΠνεῦμα
3455 1407 3610 1475 ἅγιον

2025 1502 2139 1564 τοῖς
2184 1494 2484 1570 δεομένοις.
2521 1519 2540 1553 ι
2564 1495 3036 1571 Δι’ῶνηρημάτων
3059 1500 3311 1572 νοοῦμεν,
3350 1500 3424 1572 μὴ
3451 1502 3611 1573 μόνον

2029 1591 2518 1663 πλημμελημάτων
2535 1592 2750 1661 ἄφεσιν,
2774 1592 2912 1647 ἀλλά
2933 1592 3029 1647 καὶ
3049 1593 3317 1665 οὐρανίων
3334 1594 3611 1665 χαρισμά-

2026 1699 2134 1736 των
2155 1682 2424 1753 χορηγίας
2456 1683 2745 1753 τυγχάνειν
2773 1684 2903 1748 τοὺς
2933 1683 3027 1737 τοῦ
3081 1682 3215 1737 Θεοῦ
3247 1685 3430 1748 ἱκέτας
3456 1686 3609 1755 ἰσχυ-

2029 1773 2454 1845 ροποιουμένους
2466 1774 2690 1846 τοιαύτῃ
2710 1774 2942 1846 διανοίᾳ,
2961 1776 3042 1830 δτι
3064 1775 3184 1847 οὐχὶ
3196 1775 3447 1842 δικαίοις,
3467 1777 3608 1831 ἀλλά

2028 1864 2373 1935 ἁμαρτωλοῖς
2393 1864 2619 1919 τοιαῦτα
2635 1865 2815 1935 ἀγαθά
2838 1866 3179 1938 ὑπισχνεῖται
3196 1867 3225 1920 6
3249 1866 3452 1939 Κύριος
3475 1884 3518 1921 ἰ
3544 1869 3609 1922 Εἰ

2027 1954 2137 2026 γάρ
2182 1956 2362 2025 ὑμεῖς,
2404 1958 2560 2029 φησί,
2610 1959 2840 2031 πονηροὶ
2891 1959 3259 2033 ὑπάρχοντες,
3290 1959 3466 2015 οἰδατε
3518 1958 3606 2013 δό-

2031 2063 2177 2117 ματα
2207 2047 2391 2116 ἀγαθὰ
2417 2048 2618 2104 διδόναι
2646 2052 2759 2114 τοῖς
2784 2050 2996 2116 τέκνοις
3030 2052 3204 2122 ὑμῶν,
3226 2053 3377 2124 πόσῳ
3406 2050 3607 2123 μᾶλλον

2026 2140 2055 2191 6
2074 2137 2274 2209 ’Πατήρ
2302 2138 2457 2210 ὑμῶν
2495 2140 2525 2192 6
2572 2140 2824 2214 οὐράνιος
2846 2141 3009 2196 δώσει
3032 2145 3146 2207 τοῖς
3171 2143 3418 2198 αἰτοῦσιν
3440 2142 3605 2197 αύτδν

2024 2234 2250 2306 Πνεῦμα
2288 2234 2479 2305 ἀγιον;
2518 2252 2537 2287 ι
2567 2235 2802 2306 Δίτησον
2835 2232 3130 2308 τοιγαροῦν
3162 2234 3480 2300 ἀνενδότως,
3511 2234 3610 2288 καὶ

2025 2327 2333 2399 ἀδιστάκτῳ
2359 2329 2427 2399 τῇ
2452 2324 2669 2401 γνώμῃ,
2722 2328 2828 2381 κᾶν
2884 2326 3110 2399 εὐτελὴς
3170 2327 3425 2398 ύπάρχῃς
3469 2326 3614 2381 κατᾶ

2024 2419 2125 2490 τὴν
2178 2417 2437 2487 ἐνάρετον
2490 2417 2786 2485 πολιτείαν,
2844 2421 2938 2473 καί⁵
2999 2419 3142 2475 πάνυ
3191 2420 3489 2490 ἀδύναμος,
3516 2418 3616 2473 καὶ

2027 2509 2168 2580 ὑπὲρ
2198 2509 2296 2579 τὴν
2328 2506 2507 2573 ἀξίαν,
2535 2510 2627 2562 καὶ
2651 2509 2798 2582 λήψῃ
2828 2510 2898 2564 τά
2920 2510 3149 2582 μεγάλα.

2103 2597 2219 2669 μς·’.
2252 2596 2378 2662 Πῶς
2404 2598 2470 2651 ἂν
2504 2598 2760 2672 πεισθείη
2793 2601 2822 2652 6
2851 2601 3103 2668 ἄπιστος,
3127 2600 3162 2672 ἢ
3192 2602 3221 2654 ὁ
3247 2599 3613 2671 ὀλιγοπιστος,

2027 2694 2110 2747 ὅτι
2149 2689 2375 2763 μύρμηξ
2405 2689 2724 2762 πτεροῦται,
2750 2692 2846 2747 καὶ
2870 2690 3094 2762 σκώληξ
3120 2709 3204 2756 τις
3231 2691 3395 2746 πάλιν
3434 2709 3620 2746 πετει-

2031 2785 2119 2837 νὸν
2147 2786 2380 2852 γίνεται,
2415 2784 2510 2836 καὶ
2544 2783 2633 2836 ὅτι
2670 2783 2807 2837 ἀλλα
2853 2784 3082 2838 πλεῖστα
3116 2785 3437 2856 παραδόξως
3468 2785 3619 2854 γίνε-

2030 2892 2118 2928 ται
2150 2875 2210 2925 ἐν
2263 2875 2331 2945 τῇ
2365 2873 2562 2937 κτίσει,
2612 2875 2703 2928 ἴνα
2763 2875 2868 2929 κᾶν
2925 2875 3100 2940 οὕτως
3144 2877 3486 2946 ἀποθέμενος
3517 2876 3620 2947 τῆς

2032 2966 2291 3030 ἀπιστίας
2353 2966 2453 3037 τὴν
2510 2965 2691 3032 νόσον,
2746 2967 2842 3020 καὶ
2884 2967 2987 3036 τῆς
3020 2967 3394 3033 ἀνελπιστίας,
3428 2985 3623 3040 πτερο-

2035 3059 2218 3130 φυήσῃ
2247 3056 2460 3121 λοιπὸν,
2511 3057 2606 3110 καὶ
2629 3056 2910 3129 ἀναθάλλη
2938 3057 3014 3121 ώς
3035 3057 3256 3130 δένδρον
3280 3058 3385 3130 τήν
3410 3059 3617 3113 πανεύ-

2036 3165 2222 3220 φημον
2244 3148 2448 3219 γνῶσιν
2474 3165 2489 3216 ;
2531 3167 2550 3200 1
2598 3146 2741 3216 Ἐγὼ
2785 3149 2894 3221 γάρ
2917 3150 3055 3221 εἰμι,
3084 3149 3270 3219 φησὶν,
3319 3151 3349 3203 6
3374 3149 3435 3202 16
3466 3148 3623 3217 ξύλον

2035 3242 2097 3297 16
2140 3241 2304 3313 ξηρὸν
2365 3239 2704 3310 ἀναθάλλων,
2729 3245 2840 3312 *καὶ
2865 3240 3151 3307 ζωοποιῶν
3177 3239 3246 3294 τά
3280 3240 3625 3315 ξηρανθέντα

2035 3334 2191 3391 ὀστᾶ.
2227 3351 2247 3385 ι

2113 3423 2219 3497 μζ¹.
2253 3423 2534 3496 Μηδαμῶς
2579 3423 2769 3478 ἕνεκεν
2811 3423 2911 3493 τῆς
2968 3421 3160 3494 χρείας
3210 3429 3307 3477 τοῦ
3350 3420 3627 3492 σώματος,

2039 3518 2161 3578 ταῖς
2221 3516 2520 3587 μερίμναις
2584 3514 2904 3587 θελήσωμεν
2965 3515 3254 3585 τήκεσθαι,
3285 3516 3381 3587 ὅλῃ
3435 3514 3493 3569 δὲ
3557 3516 3628 3586 τῇ

2036 3605 2184 3676 ψυχῇ
2208 3607 2594 3676 πιστεύσωμεν
2627 3605 2706 3676 τῷ
2736 3605 2881 3675 Θεῷ,
2927 3604 3119 3676 ὥσπερ
3165 3607 3250 3671 τίς
3282 3624 3412 3660 ποτε
3445 3606 3632 3674 ἔλεγεν

2038 3697 2180 3767 ἀνὴρ
2208 3697 2419 3764 ἀγαθός
2443 3711 2458 3727 ο
2507 3696 2945 3766 Ἐμπιστεύσατε
2973 3697 3052 3768 τῷ
3079 3698 3293 3768 Κυρίῳ,
3327 3699 3422 3751 καὶ
3456 3701 3632 3767 ἐμπι-

2040 3784 2431 3852 στευθήσεσθε.
2487 3787 2597 3838 Καὶ
2662 3783 2738 3847 ὡς
2769 3786 2976 3856 γράφει
3010 3788 3039 3838 ὀ
3063 3787 3333 3856 μακάρος
3364 3786 3571 3857 Πέτρος
3604 3788 3631 3840 6

2039 3875 2338 3939 ἀπόστολος
2357 3894 2371 3908 ·
2402 3894 2420 3928 1
2452 3877 2877 3948 Σωφρονήσατε,
2906 3877 3003 3930 καὶ
3060 3877 3266 3948 νήψατε
3315 3880 3374 3931 ἐν
3401 3893 3632 3948 προσευ-

2042 3972 2183 4042 χαῖς,
2242 3972 2336 4024 καὶ
2395 3972 2576 4024 πᾶσαν
2630 3970 2789 4042 ὑμῶν
2832 3970 2932 4043 τὴν
2984 3970 3258 4043 μέριμναν
3308 3972 3446 4041 πρὸς
3496 3954 3659 4025 Θεὸν

2042 4060 2456 4133 ἐπιρῤίψαντες,
2507 4062 2590 4115 ὅτι
2649 4060 2800 4131 αὐτῷ
2856 4060 3006 4133 μέλει
3054 4062 3181 4131 περὶ
3210 4062 3387 4131 ὑμῶνς
3416 4081 3434 4113 ι
3477 4060 3632 4115 Εἰ.δέ

2043 4151 2122 4204 ἔτι
2144 4151 2416 4216 διατάξεις
2440 4154 2535 4206 καὶ
2562 4155 2836 4219 ἀπιστεῖς,
2864 4154 2947 4207 ὅτι
2972 4151 3110 4218 ὅλως
3157 4153 3309 4223 μέλει
3332 4153 3632 4226 αύτῷἶπερὶ

2044 4243 2139 4300 σοῦ
2173 4248 2309 4314 πρὸς
2360 4245 2421 4296 16
2448 4244 2739 4316 διαθρέψαι
2779 4262 2859 4311 σε,
2896 4244 3089 4315 βλέψον
3121 4245 3201 4306 είς
3244 4245 3341 4314 τήν
3364 4245 3630 4316 ἀράχνην,

2046 4339 2142 4392 καὶ
2192 4336 2399 4391 σύνοιδε
2458 4337 2626 4390 πόσον
2698 4337 2985 4409 ἄνθρωπος
3064 4337 3307 4408 ἀράχνης
3361 4337 3650 4407 διαφέρει.-

2059 4429 2331 4502 ’Δράχνης
2354 4447 2428 4500 φη
2440 4430 2520 4500 μὶ,
2542 4423 2609 4501 ἧς
2642 4430 2796 4483 οὐδὲν
2835 4429 3246 4499 ἀσθενέστερον,
3283 4428 3405 4482 ούδέ
3434 4430 3636 4485 ἀδυνα-

2049 4521 2334 4593 μώτερονο
2367 4521 2507 4593 αὓτη
2563 4524 2677 4595 γὰρ
2732 4523 2871 4592 μήτε
2930 4523 3193 4592 κτήματα
3236 4519 3456 4593 ἔχουσα,
3493 4522 3634 4593 μήτε

2043 4611 2388 4679 διαποντίους
2419 4615 2731 4686 ἀποδημίας
2760 4613 3081 4684 ποιουμένη,
3118 4614 3254 4684 μήτε
3282 4613 3635 4684 δικαζομένη,

2050 4707 2189 4777 μήτε
2232 4706 2587 4780 ὀργιζομένη,
2662 4708 2802 4778 μήτε
2851 4704 3138 4775 ἀποθήκας
3188 4706 3522 4776 κεκτημένη,
3579 4708 3636 4758 ἐν

2049 4798 2306 4850 παντελεῖ
2336 4799 2631 4871 πραότητι,
2674 4799 2770 4851 καὶ
2833 4798 3180 4870 σωφροσύνῃ,
3236 4798 3333 4852 καὶ
3373 4800 3438 4869 τῇ
3488 4797 3637 4869 ἄκρᾳ

2047 4892 2253 4963 ἡσυχίᾳ
2284 4892 2376 4944 16v
2406 4893 2606 4962 ἑαυτῆς
2642 4890 2993 4961 ύπεξάγουσα
3022 4891 3169 4962 βίον
3206 4891 3347 4961 μήτε
3397 4890 3536 4952 ὅλως
3569 4892 3637 4945 τὰ

2047 4985 2157 5038 τῶν
2211 4984 2380 5048 πέλας
2419 4985 2925 5055 περιεργασαμένη,
2970 4983 3109 5055 μόνα
3135 4983 3192 5036 δὲ
3223 4983 3293 5036 τά
3320 4984 3427 5035 ἴδια
3463 4981 3637 5054 πράσ-

2050 5094 2241 5145 σουσα,
2272 5076 2350 5147 τῷ
2372 5077 2519 5148 ἔργῳ
2539 5075 2617 5147 τῷ
2645 5077 2832 5147 οἰκείῳ
2882 5075 3092 5148 ἠρεμίᾳ
3118 5077 3225 5130 τινὶ
3250 5077 3344 5129 καί⁵
3379 5076 3639 5147 ἀταράχῳ

2048 5169 2316 5242 κέχρηται
2343 5168 2702 5235 καταστάσει,
2738 5168 3021 5240 μονονουχί
3063 5168 3247 5239 φωνὴν
3281 5168 3503 5237 ἀφιεῖσα
3524 5169 3639 5230 τοῖς

2050 5261 2354 5332 φιλοτίμοις
2387 5259 2485 5331 τῆς
2520 5260 2720 5331 ἀργίας
2741 5276 2755 5290 ο
2793 5261 2876 5312 ὅτι
2930 5260 3042 5322 πᾶς
3063 5258 3348 5328 ἄνθρωπος
3387 5265 3413 5311 ὀ
3446 5259 3640 5327 ἀργεῖν

2050 5353 2412 5425 βουλόμενος,
2473 5352 2610 5422 μηδὲ
2668 5351 2869 5405 ἐσθίειν
2930 5350 3223 5422 βουλέσθω.
3264 5349 3532 5403 Τοσοῦτον
3581 5350 3639 5402 δέ

2052 5444 2254 5514 σιωπᾷ,
2290 5441 2433 5494 ὥστε
2489 5441 2817 5511 Πυθαγόραν
2870 5438 3323 5509 ὑπερϐαλλόντως
3370 5437 3636 5507 νικῆσαι,

2053 5535 2224 5605 ὅνπερ
2254 5533 2517 5602 ’Έλληνες
2556 5533 2698 5602 ὑπὲρ
2737 5532 2942 5593 πάντας
2986 5529 3110 5592 τοὺς
3159 5528 3483 5598 φιλοσόφους
3516 5527 3643 5580 θαυο

2055 5625 2336 5699 μάζουσιν,
2370 5625 2458 5678 διὰ
2502 5626 2563 5678 16
2612 5625 2710 5694 τὴν
2751 5622 3080 5695 ἐγκράτειαν
3135 5621 3234 5691 τῆς
3266 5620 3520 5691 γλώσσης
3552 5617 3642 5684 ἐξ-

2052 5719 2310 5789 ασκῆσαι.
2343 5716 2663 5787 Πυθαγόρας
2869 5713 3124 5778 οῦν,’κᾶν
3159 5713 3234 5784 μὴ
3270 5715 3403 5783 πρὸς
3430 5711 3639 5774 πάντας
3676 5710 3679 5715 ’

2056 5810 2256 5876 ἐλάλει,
2291 5809 2433 5863 ἀλλά
2461 5826 2523 5878 γε
2574 5813 2684 5872 τοίς
2744 5806 3230 5879 προσφιλεστάτοις
3256 5804 3403 5874 αὐτῷ
3430 5802 3639 5873 ἀνθρώ-
