4086 6394
447 310 581 373 1847
644 312 647 315 ⁷

448 449 563 497 ποις
616 435 888 504 διελέγετο
949 434 1225 505 λαθραίως
1275 435 1365 488 διὰ
1410 436 1624 507 χρόνου,
1663 437 1758 489 καί⁵
1787 437 1940 506 βουσὶ
1970 440 2027 490 δὲ

440 525 726 593 πολλάκις,
756 526 850 580 καὶ
870 527 1048 590 ἀετοῖς
1068 525 1369 595 ἐφθέγξατο
1387 526 1707 598 φιλοτίμως,
1736 529 1799 599 λη
1806 530 1874 602 ρή
1884 530 2029 600 ματά

441 634 562 671 τινα
585 619 680 670 καὶ
706 618 1212 687 παραφρονήματα.
1243 618 1402 670 Οἴνου
1430 618 1486 670 δὲ
1522 619 1800 683 παντελῶς
1827 619 2029 689 ἀπεχό-

445 727 627 780 μενος,
658 710 737 781 τῷ
768 709 920 764 ὕδατι
946 712 1237 782 ἐκέχρητο.
1275 709 1428 781 Αὕτη
1467 712 1523 764 δὲ
1562 715 1628 781 τῇ
1658 712 2025 784 ὑπερεχούσῃ,

441 806 537 857 καὶ
561 805 708 879 άκρᾳ
729 805 965 876 ἀφωνία,
989 806 1233 877 ὐπερέδη
1253 806 1353 879 τὴν
1379 806 1700 878 Πυθαγόρου
1728 807 1827 877 τῆς
1855 804 2029 874 γλώτ-

440 912 541 967 της
562 896 893 968 ἐγκράτειαν
926 915 940 928 ·
973 899 1232 952 διέπτυσε
1264 900 1321 953 δὲ
1363 900 1460 952 σὺν
1489 901 1556 969 τῇ
1595 898 1900 969 οίνοποσίᾳ,
1930 897 2024 951 καὶ

440 980 541 1056 τήν
569 986 919 1056 ὑδροποσίαν.
965 989 1054 1042 Ἐν
1093 988 1320 1060 τοιαύτῃ
1360 987 1651 1059 τοιγαροῦν
1693 987 2027 1043 καταστάσει

444 1077 634 1148 ήσύχῳ
668 1077 1024 1153 διατριϐούσῃ
1045 1083 1113 1151 τῇ
1136 1081 1376 1150 ἀδρανεῖ,
1408 1079 1507 1134 καὶ
1535 1082 1767 1150 ταπεινῇ
1791 1079 2024 1151 ἀράχνῃ,

444 1169 539 1239 καὶ
572 1169 824 1240 μηδαμοῦ
861 1169 968 1236 ἔξω
1006 1171 1314 1243 ἀνεχομένη
1343 1172 1687 1241 περιπατεῖν,
1717 1170 1854 1239 μηδὲ
1879 1186 2031 1240 περι-

445 1260 758 1313 πλανᾶσθαι
778 1260 907 1332 τῇδε
928 1263 1155 1315 κάκεῖσε
1199 1261 1607 1331 φανταστικῶς,
1654 1262 1792 1331 μηδὲ
1816 1263 2025 1329 πονεῖν,

442 1351 538 1404 καὶ
571 1351 792 1421 μοχθεῖν
825 1351 1132 1424 ἀπέραντα,
1181 1352 1210 1404 ό
1261 1354 1319 1405 έν
1353 1352 1577 1424 ὑψηλοῖς
1628 1353 1897 1406 κατοικῶν
1931 1354 2028 1406 καὶ

442 1443 512 1495 τά
540 1442 777 1496 ταπεινά
810 1443 1025 1515 ἐφορῶν
1057 1444 1263 1515 Κύριος
1314 1445 1489 1515 (οὐδὲν
1515 1444 1624 1515 γάρ
1658 1444 1756 1515 τῆς
1783 1445 2027 1515 ἀράχνης

442 1534 591 1585 ἐστὶν
624 1534 1183 1608 ταπεινώτερον),καὶ
1216 1536 1412 1607 μέχρις
1438 1532 1609 1605 αὐτῆς
1634 1535 1892 1601 ἐκτείνων
1926 1537 2026 1606 τὴν

445 1627 727 1697 πρόνοιαν,
780 1626 990 1697 πέμπει
1027 1626 1207 1699 ταύτῃ
1249 1628 1309 1681 τὸ
1355 1626 1680 1698 καθημέραν
1714 1625 2027 1697 βρωμάτιον

445 1714 676 1787 πλησίον
716 1715 811 1770 τοῦ
843 1718 1137 1789 σκηνηδίου
1170 1718 1341 1789 apti};
1376 1718 1816 1788 παρασκευάζων
1856 1716 2026 1787 ἐμπί-

444 1776 603 1860 πτείν
659 1810 739 1872 είς
794 1808 865 1863 τά
918 1776 1111 1863 δίκτυα
1166 1776 1393 1880 «cKc—3m
1430 1776 1496 1861 τά
1529 1810 1664 1878 πρὸς
1692 1776 1791 1879 τήν
1838 1776 2027 1880 χρείαν

442 1901 679 1973 ζωῦφιαο

518 1995 632 2066 μτί.
678 1997 819 2052 Ἀλλ’
844 1997 975 2061 ῐσως
1004 1999 1121 2068 ἐρεῖ
1161 2014 1241 2060 τις
1265 1996 1373 2048 τῶν
1401 2000 1466 2064 τῇ
1499 1996 1806 2066 λαιμαργία
1857 2013 2023 2049 καταο

443 2086 883 2158 δεδουλωμένων,
908 2089 997 2147 ὅτι
1007 2087 1148 2155 Ἐγὼ
1160 2089 1302 2143 πάνυ
1323 2088 1495 2142 πολλὰ
1519 2086 1704 2153 ἐσθίω,
1727 2086 1821 2143 καὶ
1837 2087 2024 2155 ἐπειδὴ

444 2170 820 2236 πολυδάπανός
846 2173 985 2243 είμι,
1017 2173 1235 2248 ἀνάγκη
1271 2192 1361 2246 μοι
1395 2179 1514 2241 ταῖς
1540 2179 1764 2248 μυρίαις
1796 2181 1890 2234 τοῦ
1913 2183 2035 2250 βίου

444 2263 855 2334 πραγματείαις
918 2260 1312 2334 ἑμπλέκεσθαι.
1352 2267 1516 2322 Ἀλλά
1568 2271 1662 2323 καὶ
1698 2265 1853 2337 οὗτος
1902 2290 2002 2331 σκο

443 2348 623 2406 πείτω
662 2352 733 2407 τά
785 2354 929 2424 κήτη
977 2355 1047 2409 τὰ
1081 2356 1315 2426 μεγάλα,
1364 2356 1436 2411 τά
1474 2358 1534 2412 ὲν
1572 2358 1651 2430 τῷ
1696 2361 2029 2434 Ἀτλαντικῴ

444 2442 755 2512 βοσκόμενα
776 2443 1026 2512 πελάγει,
1073 2448 1227 2517 παρά
1268 2448 1366 2502 τοῦ
1389 2448 1526 2503 Θεοῦ
1554 2451 1802 2520 ἀφθόνως
1831 2456 2053 2525 τρεςό-,

445 2551 602 2604 μενα,
636 2537 731 2588 καλ⁵
759 2535 1031 2608 μηδέποτε
1056 2535 1217 2607 λιμοῦ
1256 2542 1451 2612 πεῖραν
1473 2540 1720 2597 λαϐόντα.
1760 2544 2026 2599 Τοσοῦτον

439 2625 552 2696 γάρ
598 2624 829 2690 ἕκαστος
886 2626 1071 2697 αὐτῶν¹
1124 2628 1230 2701 θὴρ
1272 2632 1564 2687 καταπίνει
1603 2633 1666 2687 τὸ
1713 2634 1867 2705 δψον,
1901 2638 2025 2692 ὅσον

443 2716 581 2786 μηδέ
640 2733 725 2779 τις
761 2716 914 2781 πόλις
944 2718 1376 2791 πολυάνθρωπος
1407 2723 1468 2776 τὸ
1501 2726 1828 2796 καθημέραν
1854 2728 2024 2782 δαπα-

440 2808 605 2876 νῆσαι
634 2808 878 2862 δύναται.
913 2827 933 2861 ι
962 2810 1148 2865 Πάντα
1173 2812 1302 2882 γὰρ,
1347 2814 1502 2884 φησὶ,
1537 2816 1672 2885 πρὸς
1705 2816 1763 2869 σὲ
1793 2819 2022 2888 προσδο-

439 2898 581 2953 κῶσι
612 2898 794 2969 δοῦναι
820 2901 919 2972 τὴν
941 2902 1148 2974 τροφὴν
1176 2902 1357 2957 αὐτῶν
1388 2906 1465 2970 είς
1505 2905 1786 2978 εὐκαιρον.
1826 2928 1843 2960 ι
1887 2911 2024 2970 06.x-

437 2989 536 3043 οῦν
568 2992 660 3044 καὶ
709 2990 801 3046 τὸν
832 2992 1004 3046 πολλά
1043 2992 1344 3065 τρῶγοντα,
1377 2999 1472 3050 καὶ
1501 2998 1591 3052 τὸν
1623 2986 2021 3072 βραχυδίαιτον,

437 3085 467 3135 6
489 3082 623 3147 Θεὺς
655 3085 803 3137 ἐστὶν
829 3086 859 3137 6
888 3085 1126 3156 τρέφων.
1154 3086 1345 3153 Ταῦτα
1377 3089 1620 3163 ἀκούσας
1650 3093 1745 3146 καὶ
1801 3093 1965 3157 αὐτὸς
1994 3093 2023 3145 6

440 3175 537 3244 τὴν
560 3174 843 3240 πλατεῖαν,
874 3176 971 3229 καὶ
991 3177 1308 3250 εὐρύχωρον
1323 3183 1660 3253 κεκτημένος
1689 3183 1918 3250 κοιλίαν,
1945 3183 2023 3255 τῷ

436 3266 577 3335 Θεῷ,
610 3269 707 3321 καὶ
753 3270 818 3338 τῇ
872 3269 1054 3321 πίστει
1090 3270 1277 3323 λοιπον
1327 3271 1448 3325 ὅλον
1500 3274 1731 3326 σεαυτὸν
1783 3274 2016 3338 ἀνάθες·

436 3362 691 3427 παντοῖον
738 3361 1206 3432 ἀποτιναξάμενος
1240 3362 1339 3415 τοῦ
1372 3365 1579 3432 κόσμου
1609 3365 2019 3435 περισπασμὸν,

437 3452 534 3503 καὶ
563 3449 687 3503 νοῦν
717 3451 1137 3523 πολυφρόντιδα,
1193 3455 1287 3508 καὶ
1332 3455 1534 3526 μηκέτι
1582 3456 1734 3524 γίνου
1769 3456 2019 3525 ἄπιστος,

433 3539 571 3593 ἀλλά
595 3544 803 3606 πιστός.
896 3534 901 3539 ”

508 3631 617 3702 μθ’.
656 3635 781 3687 Ἐάν
813 3635 1058 3707 θέλωμεν
1084 3636 1162 3707 τῷ
1187 3638 1302 3691 δντι
1336 3640 1701 3712 εὐαρεστῆσαι
1743 3644 1884 3714 Θεῷ,
1923 3645 2017 3698 καὶ

430 3726 531 3798 τὴν
555 3731 985 3802 μακαριωτάτην
1028 3732 1352 3804 φιλιωθῆναι
1400 3736 1607 3805 φιλίαν,
1668 3738 1876 3809 γυμνὸν
1923 3738 2017 3792 τὸν

430 3819 555 3873 νοῦν
574 3820 729 3891 ήμῶν
752 3821 828 3892 τῷ
853 3822 972 3895 Θεῷ
1000 3826 1461 3899 παραστήσωμεν,
1493 3829 1659 3899 μηδὲν
1688 3830 2016 3903 ἐπισυρόμε⁹

433 3928 524 3965 νον
571 3911 665 3965 τοῦ
701 3915 970 3985 παρόντος
1028 3916 1246 3990 αίῶνος,
1298 3919 1374 3989 μή
1423 3920 1642 3991 τέχνην,
1694 3923 1772 3992 μή
1797 3921 2013 3991 Ϊνόημα,

431 3999 510 4071 μὴ
541 4001 803 4079 σόφισμα,
830 4006 906 4075 μὴ
934 4006 1323 4078 δικαιολογίαν,
1362 4010 1464 4064 κᾶν
1498 4013 1680 4066 πᾶσαν
1716 4015 2017 4069 πεπαιδευ-

430 4093 583 4162 μένοι
614 4087 764 4164 ῶμεν
792 4097 890 4167 τὴν
930 4098 1025 4151 τοῦ
1060 4100 1268 4169 κόσμου
1325 4103 1540 4171 σοφίαν.
1580 4103 2013 4175 Ἀποστρέφεται

426 4187 535 4256 γὰρ
571 4187 631 4241 τὸ
651 4187 805 4243 Θεῖον
824 4191 951 4254 τοὺς
973 4191 1112 4261 μετά
1133 4194 1463 4264 οίηματικοῦ
1493 4195 1588 4248 τοῦ
1610 4197 1810 4266 τρόπου
1840 4212 2014 4267 προσ-

427 4281 759 4349 ερχομένους
808 4281 983 4353 αὐτῷ,
1042 4286 1139 4338 καὶ
1176 4288 1245 4357 τῇ
1312 4288 1589 4359 κενοδοξία
1639 4286 2013 4357 σιτιζομένους

426 4369 522 4422 καὶ
546 4373 996 4442 πεφυσιωμένους
1017 4390 1030 4403 ’
1085 4375 1268 4440 καλῶς
1289 4376 1398 4448 γάρ
1427 4394 1573 4439 τινες
1604 4376 1715 4429 τῶν
1736 4378 2010 4445 ἑρμηνευ-

423 4462 553 4528 τῶν,
593 4464 926 4536 σιτιστήριον
960 4468 1053 4519 καὶ
1080 4466 1280 4536 φῦσαν,
1307 4468 1367 4520 τὸ
1387 4469 1618 4538 μάταιον
1647 4465 2011 4523 ἐκδεδώκασιν

424 4552 618 4623 οἴημα.
1771 4613 1777 4618 .

502 4651 565 4699 ν’.
601 4647 723 4710 Πῶς
758 4646 824 4699 ἂν
854 4648 1220 4719 δυνηθείημεν
1273 4648 1680 4701 καταπαλαῖσαι
1723 4650 1823 4719 τὴν
1869 4668 2005 4722 προ-

426 4739 837 4808 κεκρατηκυῖαν
865 4739 1177 4807 ἀμαρτίαν;
1231 4738 1363 4799 Βίας
1404 4738 1582 4806 χρεία.
1652 4739 1814 4810 Ἀνὴρ
1874 4742 2003 4812 γάρ,

424 4828 615 4897 φησὶν,
637 4829 694 4881 ὲν
729 4830 914 4892 πόνοις
948 4831 1121 4895 πονεῖ,
1151 4828 1241 4881 καὶ
1298 4828 1609 4893 ἐκϐιάζεται
1662 4832 1856 4885 ἑαυτοῦ
1906 4835 2006 4904 τήν

424 4917 722 4986 ἀπώλειαν,
761 4920 1079 4990 φιλονεικῶν
1138 4920 1371 4972 πάντοτε
1428 4921 1656 4976 ἀνωθεῖν
1709 4923 1847 4994 πρὸς
1902 4924 2005 4994 τὴν

420 5011 737 5083 ἁγιωσύνην
771 5013 878 5064 τῶν
938 5011 1156 5075 οἰκείων
1202 5011 1500 5084 λογισμῶν.
1557 5014 1636 5086 Τῇ
1678 5014 1734 5068 δὲ
1766 5015 1857 5086 βίᾳ
1904 5016 2003 5086 τὴν

422 5099 545 5168 βίαν
572 5099 744 5165 λύειν,
774 5101 873 5153 οὐκ
905 5099 1208 5171 ἀπείρηται
1240 5103 1353 5164 τοῖς
1389 5104 1597 5173 νόμοις.
1659 5104 1726 5157 Εἰ
1789 5104 1889 5175 μὲν
1910 5100 2002 5159 οὖν

419 5191 752 5259 εἰσφέρομεν
782 5190 903 5261 βίαν
928 5191 1072 5255 τινος
1096 5192 1535 5263 σπουδάσματος,
1567 5195 1617 5246 εί
1652 5194 1748 5247 καὶ
1778 5195 2002 5249 ἀσθενε-

420 5282 644 5351 στάτην,
676 5282 1048 5353 περιμένομεν
1084 5284 1139 5337 δὲ
1169 5283 1354 5338 λοιπὸν
1396 5287 1834 5357 ἐπελευσομένην
1869 5289 2000 5358 ἡμῖν

415 5370 673 5440 ὲξσῢψους
701 5373 954 5444 δύναμιν,
986 5376 1288 5447 καθήμενοι
1319 5379 1375 5433 ἐν
1423 5381 1538 5441 τοῖς
1577 5363 1995 5449 Ἱεροσολύμοιςι

412 5462 696 5539 τουτέστιν
719 5467 776 5517 ὲν
810 5467 876 5533 τῇ
914 5465 1136 5537 ἀλήκτῳ
1177 5467 1335 5537 εὐχῇ,
1374 5471 1466 5521 καὶ
1492 5470 1611 5530 ταῖς
1650 5467 1839 5532 ἄλλαις
1871 5471 1997 5539 ἀρε-

412 5557 556 5619 ταῖς,
585 5556 715 5609 πότε
747 5554 865 5627 ἥξει
888 5558 1025 5628 πρὸς
1059 5560 1207 5629 ἡμᾶς
1238 5560 1361 5629 βίαν
1411 5568 1710 5631 κραταιανς
1738 5561 1859 5614 οὐδὲ
1887 5561 1994 5629 γὰρ

412 5647 480 5719 δὴ
530 5648 933 5723 ἀσθενεστάτην
959 5652 1099 5708 κατά
1142 5654 1243 5724 τὴν
1277 5656 1551 5724 ἡμετέραν
1588 5654 1707 5725 βίαν
1759 5656 1990 5726 ἐργαζο-

417 5745 602 5815 μένην.
629 5743 763 5799 ἀλλὰ
801 5744 919 5817 βίαν
951 5747 1071 5804 τινὰ
1113 5746 1424 5819 φρασθῆναι
1458 5747 1534 5817 μὴ
1566 5748 1875 5821 δυναμένην
1904 5750 1992 5804 διὰ

1703 306 2032 367 JOANNIS
2068 305 2480 368 CARPATHH

3569 307 3706 372 1848

2130 434 2411 506 σαρκικῶν
2452 434 2719 505 χειλέων..
2757 435 2998 489 νικῶσαν
3031 434 3214 506 πολλῷ
3244 435 3325 507 τῷ
3362 435 3576 509 κράτει,
3612 436 3708 488 καὶ

2127 520 2649 594 καταγωνιζομένην
2676 523 2736 575 τό
2759 540 2819 576 τε
2867 524 3127 578 κάκιστον
3171 522 3303 594 ἦθος
3351 525 3445 578 καὶ
3476 524 3575 596 τήν
3596 523 3705 576 τῶν

2125 615 2396 687 δαιμόνων
2419 615 2721 686 κακότητα,
2753 614 2992 669 νικῶσαν
3017 614 3073 668 δὲ
3097 616 3191 669 καὶ
3215 616 3313 686 τὴν
3349 615 3485 687 πρὸς
3508 616 3568 669 τὸ
3588 617 3705 686 χεῖ-

2129 722 2220 775 ρον
2278 705 2451 774 ῥοπὴν
2497 703 2607 758 τῶν
2649 705 2938 776 ἡμετέρων
2975 704 3186 777 ψυχῶν,
3245 706 3484 759 νικῶσαν
3517 706 3575 760 δὲ
3607 707 3704 767 καὶ

2123 797 2223 860 τάς
2249 798 2519 868 ἀπρεπεῖς
2534 797 2629 851 τοῦ
2656 794 2907 867 σώματος
2947 801 3191 868 κινήσεις
3212 816 3227 831 ο
3260 816 3279 849 ι
3303 798 3549 866 Ἐγένετο
3568 796 3699 869 γὰρ,

2119 890 2306 958 φησὶν,
2341 883 2471 959 ἦχος
2505 891 2571 944 ὲκ
2601 887 2694 942 τοῦ
2721 889 2953 960 οὐρανοῦ
2979 889 3169 961 ὥσπερ
3195 890 3501 961 φερομένης
3530 890 3697 960 πνοῆς

2119 981 2330 1052 βιαίας·
2374 1001 2393 1033 ι
2420 982 2510 1036 ἵνα
2538 981 2867 1052 ἐκϐιάσηται
2919 982 3021 1053 τὴν
3050 983 3272 1049 κακίαν,
3300 983 3402 1053 τὴν
3433 983 3521 1039 ἀεὶ
3558 982 3698 1055 προς

2114 1073 2175 1126 τὸ
2201 1076 2383 1143 χεῖρον
2408 1072 2739 1144 βιαζομένην
2765 1074 2935 1144 ἡμᾶς.

2187 1162 2289 1219 va’.
2335 1163 2640 1233 Ἐνεδρεύει
2687 1166 2716 1217 6
2748 1166 2943 1237 ἐχθρὸς
2993 1166 3070 1231 ὼς
3100 1166 3240 1221 λέων
3282 1169 3341 1221 ὲν
3367 1173 3433 1240 τῇ
3483 1169 3698 1241 μάνδρα

2116 1254 2305 1322 αὐτοῦ,
2342 1257 2437 1310 καὶ
2461 1256 2696 1326 κρύπτει
2739 1259 2870 1327 ήμῖν
2902 1258 3137 1326 παγίδας
3200 1261 3292 1312 καὶ
3323 1260 3577 1332 θήρατρα
3608 1248 3698 1315 λο-

2112 1350 2328 1420 γισμῶν
2387 1348 2735 1421 ἀκαθάρτων,
2769 1351 2864 1405 καὶ
2898 1352 3149 1407 ἀσεὸῶν·
3207 1352 3345 1413 ἀλλά
3392 1356 3488 1409 καὶ
3529 1355 3697 1426 ἡμεῖς

2113 1442 2209 1499 ἐὰν
2248 1443 2325 1514 μὴ
2377 1443 2768 1513 ὐπνώττωμεν,
2821 1443 3169 1515 δυνησόμεθα
3214 1445 3469 1514 μείζονάς
3495 1462 3557 1500 τε
3595 1446 3695 1501 καὶ

2113 1532 2500 1603 χαλεπωτέρας
2539 1533 2690 1603 αὐτῷ
2731 1534 2967 1602 παγίδας
3015 1536 3110 1591 καὶ
3147 1536 3383 1590 ίστάνειν
3442 1534 3693 1609 θήρατρα

2112 1619 2208 1672 καὶ
2226 1619 2437 1689 λόχους.
2468 1621 2616 1691 Εὐχή
2646 1621 2755 1692 γὰρ
2781 1623 2876 1675 καὶ
2912 1622 3146 1705 ψαλμδς,
3198 1625 3477 1696 ἀγρυπνία
3504 1642 3564 1680 τε
3597 1625 3692 1680 καὶ

2110 1711 2605 1783 ταπεινοφροσύνῃ,
2636 1714 2730 1767 καὶ
2756 1713 2789 1785 ή
2825 1714 2965 1785 πρὸς
2996 1720 3121 1778 τοὺς
3158 1715 3388 1789 πλησίον
3417 1717 3689 1787 διακονία,

2111 1802 2209 1856 καὶ
2234 1804 2263 1856 6
2291 1802 2461 1867 ἔλεος,
2492 1804 2591 1869 καὶ
2616 1807 2651 1875 ή
2694 1805 3040 1876 εὐχαριστία,
3091 1806 3185 1863 καὶ
3214 1809 3249 1880 ή
3282 1808 3391 1864 τῶν
3419 1809 3579 1866 θείων
3601 1809 3691 1865 λοο

2108 1892 2246 1960 γίων
2270 1892 2559 1962 ἀκρόασις,
2584 1892 2741 1963 λόχος
2762 1891 2839 1964 τῷ
2866 1892 3070 1964 ἐχθρῷ,
3108 1896 3204 1949 καὶ
3241 1900 3439 1967 παγίς,
3470 1899 3566 1950 καὶ
3593 1897 3689 1968 βό-

2110 1979 2261 2051 θρος,
2282 1982 2376 2035 καὶ
2399 1981 2681 2053 μάστιγες,
2711 1985 2808 2039 καὶ
2838 1985 3066 2059 ἀγχόνη,
3108 1987 3203 2051 καὶ
3241 1986 3491 2060 θήρατρα
3538 1987 3691 2060 γίνε·

2110 2088 2220 2127 ται.

2169 2165 2269 2240 νβ’.
2310 2168 2440 2221 Ἐπὶ
2492 2169 2631 2224 πολὺ
2668 2169 2811 2225 πάνυ
2835 2171 2932 2241 τῆς
2966 2171 3192 2242 ήλικίας
3227 2174 3512 2246 προκόψας
3541 2180 3571 2231 ὁ
3594 2180 3689 2233 θε..

2101 2256 2323 2320 σπέσιος
2365 2257 2553 2324 Δαϐὶδ,
2606 2260 2946 2332 εὐχαριστῶν
2988 2259 3068 2331 τῷ
3126 2258 3479 2336 ἐκλεξαμένῳ
3522 2269 3700 2334 αὐτὸν,

2099 2347 2240 2420 Θεῷ,
2275 2350 2412 2420 φησὶ
2446 2351 2577 2421 περὶ
2604 2351 2672 2405 τὰ
2694 2351 2984 2406 τελευταῖα
3008 2352 3105 2424 τῆς
3127 2353 3506 2425 εὐλογίας,“δτι
3533 2377 3553 2411 ι
3572 2359 3690 2416 Νῦν

2099 2432 2258 2512 εῦρεν
2279 2440 2308 2494 6
2338 2438 2526 2506 δοῦλός
2550 2457 2645 2493 σου
2669 2440 2771 2515 τήν
2800 2443 3032 2515 καρδίαν
3063 2444 3264 2499 ἑαυτοῦ
3290 2445 3557 2513 εὔξασθαι
3588 2451 3690 2524 τήν

2102 2529 2411 2602 προσευχὴν
2442 2529 2668 2602 ταύτην.
2732 2550 2752 2585 ι
2789 2533 2964 2587 Τοῦτο
3015 2533 3076 2588 δὲ
3116 2535 3355 2606 εἴρηται,
3407 2538 3495 2594 ἵνα
3526 2541 3699 2612 funi;

2102 2622 2387 2693 μάθωμεν,
2425 2624 2508 2676 ὅτι
2545 2624 2746 2680 πολλοῦ
2797 2625 3015 2695 ἀγῶνος
3071 2629 3175 2683 καὶ
3197 2629 3394 2700 χρόνου
3434 2632 3596 2705 χρεία
3630 2636 3690 2687 έν

2101 2714 2222 2777 ταῖς
2251 2716 2583 2785 προσευχαῖς
2602 2732 2616 2745 ο
2648 2716 2798 2779 ὅπως
2834 2716 2987 2786 μόλις
3011 2716 3265 2790 εθρωμεν
3284 2722 3384 2791 τήν
3418 2727 3691 2797 ἀπαρενό-

2103 2805 2299 2877 χλητον
2314 2809 2410 2877 τῆς
2422 2806 2663 2875 διανοίας
2680 2808 3036 2877 κατάστασιν,
3056 2811 3144 2864 έτε
3154 2812 3246 2882 ρόν
3260 2832 3389 2879 τινα,
3400 2815 3689 2888 ἐγκάρδιον

2097 2895 2353 2965 οὐρανὸν,
2382 2895 2516 2951 ἔνθα
2566 2900 2708 2952 οἰκεῖ
2734 2900 2761 2952 6
2795 2900 3053 2971 Χριστὸς,
3078 2900 3153 2965 ῶς
3181 2920 3347 2973 φησιν
3367 2908 3395 2959 6
3439 2908 3694 2964 Ἀπόστο·

2095 2986 2187 3048 λος
2209 3001 2221 3014 ·
2258 3003 2279 3037 ι
2305 2986 2377 3039 Ἢ
2407 2988 2509 3041 οὐκ
2531 2988 2923 3057 ἐπιγινώσκετε
2947 2991 3031 3045 ὃτι
3047 2992 3256 3063 Ἰησοῦς
3288 2996 3523 3066 Χριστὸς
3547 3001 3693 3054 οίκεῖ

2095 3079 2156 3130 ὲν
2178 3078 2345 3149 ὐμῖν;
2386 3098 2407 3133 ι

2166 3176 2268 3238 νγ’.
2298 3171 2362 3225 Εἰ
2396 3172 2631 3243 Χριστὸς
2671 3174 2804 3245 ἡμῖν
2842 3174 3037 3243 γέγονε
3066 3177 3409 3253 δικαιοσύνη,
3455 3183 3548 3236 καὶ
3598 3201 3689 3237 σο-

2095 3259 2214 3330 φία,
2233 3261 2418 3315 καὶτὰ
2438 3263 2589 3336 ἑξῆς,
2608 3263 2855 3337 εὔδηλον,
2878 3267 2959 3321 ὅτι
2986 3268 3086 3322 καὶ
3110 3271 3438 3331 ἀνάπαυσις.
3470 3294 3489 3327 ι
3517 3275 3687 3329 Δεῦτε

2095 3354 2223 3423 γὰρ,
2264 3353 2420 3422 φησὶ,
2470 3355 2610 3426 πρός
2643 3372 2736 3425 με,
2768 3357 2973 3423 πάντες
3000 3361 3050 3412 οί
3109 3362 3409 3429 κοπιῶντες
3444 3367 3539 3419 καὶ
3589 3385 3690 3421 πε-

2093 3445 2471 3515 φορτισμένοι,
2500 3448 2657 3516 κάγὼ
2683 3449 2987 3505 ἀναπαύσω
3016 3452 3182 3523 ὑμᾶς.
3215 3473 3234 3506 ι
3282 3457 3484 3523 Καλῶς
3504 3461 3688 3515 τοίνυν

2093 3538 2333 3608 εἴρηται,
2368 3536 2453 3591 ὃτι
2496 3554 2604 3608 περ
2636 3538 2698 3592 τὸ
2723 3540 3024 3611 Σάϐϐατον,
3058 3547 3340 3600 τουτέστιν
3371 3550 3403 3620 ή
3433 3553 3689 3605 ἀνάπαυ-

2094 3643 2208 3691 σις,
2231 3628 2320 3680 διὰ
2342 3629 2434 3681 τὸν
2465 3629 2755 3702 ἄνθρωπον
2785 3635 3032 3703 γέγονεν.
3073 3637 3165 3692 Ἐν
3196 3639 3345 3711 αὐτῷ
3374 3642 3484 3713 γὰρ
3536 3644 3689 3717 μόνῳ

2091 3719 2171 3787 τῷ
2218 3721 2440 3792 Χριστῷ
2485 3723 2848 3790 ἀναπαύσεως
2915 3728 3167 3795 τεύξεται
3224 3731 3286 3785 τὸ
3342 3733 3689 3803 ἀνθρώπινον

2096 3810 2278 3879 γένος.

2163 3900 2255 3958 νδ¹.
2287 3905 2498 3976 Ὠσπερ
2545 3906 2662 3959 ἐστὶ
2690 3911 2951 3980 ποτήριον
2986 3911 3251 3979 πτώσεως
3270 3916 3366 3969 καὶ
3396 3917 3555 3971 κόνδυ
3587 3918 3682 3972 θυ-

2095 3993 2221 4067 μοῦ,
2243 3993 2417 4058 οὕτως
2446 3997 2563 4051 ἐστὶ
2585 3998 2685 4052 καὶ
2710 3999 2996 4067 ἀσθενείας
3023 4008 3306 4076 ποτήριον,
3335 4007 3474 4079 ὅπερ
3499 4009 3687 4062 nam

2093 4088 2187 4155 ἀφ’
2225 4086 2383 4157 ήμῶν
2412 4089 2441 4140 6
2474 4088 2700 4160 Κύριος,
2733 4092 2811 4163 τῷ
2867 4098 3203 4166 προσήκοντι
3233 4099 3430 4171 καιρῷ,
3463 4100 3686 4155 δίδωσιν

2094 4181 2175 4240 εἰς
2230 4182 2421 4250 χεῖρας
2459 4182 2570 4235 τῶν
2614 4184 2825 4255 ἐχθρῶν
2882 4187 3062 4257 ἡμῶν,
3093 4191 3181 4244 ἵνα
3233 4190 3422 4244 λοιπὸν
3483 4193 3685 4265 μηκέτι

2095 4270 2278 4343 ἡμεῖς,
2307 4272 2424 4326 ἀλλ’
2449 4275 2499 4328 οί
2528 4275 2782 4346 δαίμονες
2806 4280 3077 4335 ἀσθενῶσι
3102 4284 3198 4337 καὶ
3222 4283 3483 4339 πίπτωσι.

2162 4361 2254 4418 νε’.
2280 4365 2493 4439 Ὥσπερ
2513 4369 2607 4422 ἐπὶ
2626 4370 2736 4425 τῶν
2752 4371 2952 4439 ἔξωθεν
2979 4376 3325 4446 πραγμάτων
3350 4380 3459 4431 εἰσὶ
3486 4378 3682 4433 κολλυ-
3762 4414 3773 4419 —

2091 4453 2274 4509 ϐισταὶ
2300 4497 2314 4521 ,
2349 4458 2605 4528 ὑφανταὶ,
2645 4462 2874 4531 ίξευταὶ,
2912 4468 3262 4539 πολεμισταὶ,
3327 4487 3682 4526 κατασκευα-

2093 4547 2217 4599 σταί
2237 4563 2250 4577 ο
2280 4547 2424 4602 οὕτω
2450 4553 2546 4603 καὶ
2577 4553 2671 4605 ἐπὶ
2716 4555 2827 4608 τῶν
2874 4556 3027 4610 ἔνδον
3054 4558 3292 4625 διανοοῦ,
3331 4561 3412 4613 ὅτι
3445 4562 3552 4614 εἰσὶ
3583 4562 3684 4616 καὶ

2090 4638 2150 4689 ἐν
2174 4640 2289 4700 τοῖς
2323 4639 2693 4711 διαλογισμοῖς
2719 4642 3002 4712 κυϐευταί,
3031 4647 3446 4717 φαρμακευταὶ,
3477 4665 3682 4719 πειρα-

2089 4727 2203 4796 ταὶ,
2232 4729 2515 4800 θηρευταὶ,
2548 4719 2829 4799 κοινωταὶ,
2855 4737 3130 4805 φονευταὶ,
3156 4740 3250 4790 καὶ
3269 4738 3339 4792 τά
3363 4739 3523 4810 ἑξῆςο
3551 4738 3684 4793 οὐσ-

2086 4836 2239 4886 τινας
2267 4823 2375 4893 χρὴ
2410 4828 2691 4896 συντόμως
2716 4827 3139 4898 προαποκλείειν
3168 4830 3237 4883 δι’
3287 4829 3549 4893 εὐσεδοῦς
3583 4834 3684 4884 ἀν-

2087 4914 2330 4982 τιλογίας
2358 4917 2453 4969 καὶ
2483 4919 2816 4990 προσευχῆς,
2836 4924 2930 4974 καὶ
2964 4922 3200 4991 μάλιστα
3227 4921 3355 4986 τοὺς
3382 4924 3678 4991 κοινωτέκ,

2088 5003 2174 5057 lu:
2202 5004 2279 5076 μὴ
2314 5005 2616 5062 κοινώσωσι
2644 5012 2737 5064 τὸν
2766 5010 2924 5079 ἆγιον
2952 5011 3141 5078 τόπον,
3174 5014 3270 5066 καὶ
3318 5013 3680 5085 βεϐηλώσωσι

2087 5098 2181 5151 τὸν
2203 5098 2489 5169 ἄνθρωπον
2520 5102 2614 5159 τοῦ
2640 5102 2796 5157 Θεοῦ.
3692 5098 3697 5101 ’

2158 5195 2266 5256 νς’.
2309 5192 2383 5244 Οὐ
2420 5193 2581 5262 μόνον
2608 5194 2831 5266 γλώσσῃ
2861 5195 3183 5267 λῃστεύεται
3223 5197 3429 5270 Κύριος
3457 5199 3593 5270 πρὸς
3616 5199 3678 5253 τὸ

2088 5279 2282 5349 σῶσαι,
2335 5284 2588 5356 καθάπερ
2642 5287 2735 5339 ἐπὶ
2778 5287 2877 5340 τοῦ
2926 5288 3127 5361 λῃστοῦ
3155 5288 3394 5360 βοῶντος
3426 5292 3535 5343 ἀπὸ
3576 5291 3676 5345 τοῦ

2087 5373 2347 5445 σταυροῦ,
2382 5375 2519 5428 ἀλλά
2553 5376 2649 5428 καὶ
2675 5376 2942 5447 λογισμῷ.
2968 5377 3197 5448 «Ἔλεγε
3228 5380 3360 5450 γὰρ,
3389 5380 3579 5450 φησὶν,
3609 5382 3671 5434 ὲν

2085 5466 2254 5535 ἑαυτῇ
2307 5466 2340 5536 ή
2371 5468 2670 5538 αἱμόρρους
2693 5485 2707 5498 ο
2745 5467 2859 5522 Κᾶν
2889 5469 3115 5540 ἅψωμαι
3153 5472 3222 5526 τά
3248 5474 3534 5541 κράσπεδα
3563 5471 3676 5525 τῶν

2085 5555 2319 5623 ίματίων
2342 5558 2528 5623 αὐτοῦ,
2562 5558 2904 5631 σωθήσομαι.
2936 5580 2955 5612 ι
2994 5561 3105 5615 Καὶ
3135 5563 3164 5614 ὁ
3194 5564 3321 5626 παῖς
3344 5564 3437 5617 τοῦ
3479 5561 3677 5632 Ἀδρα-

2086 5645 2164 5714 ἁμ
2223 5647 2353 5716 περὶ
2422 5647 2716 5714 Ῥεϐέκκας
2778 5649 2956 5705 λαλῶν
3010 5649 3089 5721 τῷ
3154 5652 3274 5723 Θεῷ
3363 5655 3503 5708 κατά
3558 5654 3674 5709 διά-

2085 5751 2253 5788 νοιαν.
