4086 6428
353 363 491 428 1849

415 491 512 555 ιζ’.
538 493 725 562 Σχεδὸν
769 493 906 562 αὕτη
935 496 968 565 ἡ
1003 495 1243 565 ἁμαρτία
1279 494 1409 565 πρὸς
1445 495 1577 546 Θεὸν
1602 495 1810 548 ἐλαύνει
1834 495 1924 549 τὸν

344 575 839 655 μεταμελούμενον,
865 588 1115 656 αἴσθησιν
1146 587 1494 655 λαμϐάνοντα
1514 588 1612 657 τῆς
1634 589 1919 652 δυσωδίας,

342 673 557 727 καὶτοῦ
590 673 816 746 βάρους,
864 677 958 730 καὶ
987 677 1083 746 τῆς
1120 684 1320 741 μανίας
1369 677 1541 746 αὐτῆς
1564 695 1578 710 ·
1613 678 1704 731 τὸν
1732 678 1788 730 δὲ
1845 681 1921 747 μὴ

343 765 668 835 βουλόμενον
723 772 802 832 είς
852 771 1141 840 μετάνοιαν
1173 770 1357 840 ῥέψαι,
1391 771 1491 823 ούκ
1536 771 1750 824 ἐλαύνει
1784 772 1921 840 πρὸς

339 859 471 911 θεόν
492 875 506 888 ·
543 860 674 929 παρ’
699 861 866 932 ἑαυτῇ
896 862 952 913 δὲ
979 862 1178 932 μᾶλλον
1211 864 1509 932 κρατοῦσα,
1527 863 1746 931 δεσμοῖς
1787 864 1916 916 άλύο

340 969 452 1014 τοις
498 954 866 1022 καταδεσμεῖ,
921 955 1350 1024 συντονωτέρους
1413 957 1507 1007 καὶ
1556 956 1920 1026 δριμυτέρους

341 1044 528 1099 λοιπὸν
552 1047 677 1108 τοὺς
707 1046 904 1109 πόθους
943 1050 1040 1117 τῆς
1071 1047 1343 1110 ἀπωλείας
1376 1047 1741 1118 ἐργαζομένη.

410 1135 509 1208 νη’.
543 1138 781 1208 Πρόσεχε
807 1138 1017 1208 σεαυτῷ
1053 1139 1160 1192 ἀπὸ
1203 1139 1310 1191 τῶν
1341 1139 1651 1209 φαρμάκων
1681 1141 1780 1211 τῆς
1819 1141 1919 1194 ἰε-ο

339 1227 526 1292 ζάϐελ,
563 1223 638 1282 ὦν
690 1230 927 1301 μάλιστά
977 1232 1114 1284 εἰσιν
1141 1231 1190 1283 οί
1224 1231 1474 1301 λογισμοὶ
1502 1231 1594 1284 τοῦ
1626 1234 1796 1301 τύφου
1826 1234 1918 1288 καὶ

341 1322 580 1389 ματαίας
613 1320 792 1390 δόξης.
831 1324 1049 1394 Δυνήσῃ
1082 1323 1138 1376 δὲ
1179 1323 1384 1376 τούτων
1413 1324 1816 1394 περιγενέσθαι,
1847 1329 1914 1397 τῇ

337 1413 520 1482 χάριτι
547 1415 642 1464 τοῦ
672 1414 807 1466 Θεοῦ
843 1414 1134 1479 ἐξουδενῶν
1172 1415 1270 1485 τὴν
1295 1415 1474 1487 ψυχὴν
1505 1416 1598 1468 καὶ
1625 1417 1916 1481 εύτελίζων

335 1506 529 1575 αὐτὴν,
579 1505 672 1558 καὶ
729 1507 937 1576 ῥίπτων
986 1507 1209 1560 σεαυτὸν
1261 1506 1492 1560 ἐνώπιον
1535 1507 1767 1578 Κυρίου,
1820 1507 1916 1561 κα)⁸

333 1596 764 1668 ἐπικαλούμενος
804 1599 966 1651 αὑτὸν
995 1601 1076 1662 είς
1104 1599 1166 1652 τὸ
1195 1598 1458 1670 βοηθῆσαί
1495 1615 1599 1665 σοι,
1629 1601 1724 1652 καὶ
1754 1598 1916 1666 γινώ-

337 1703 485 1739 σκων
549 1689 632 1741 ὅτι
669 1689 896 1758 ούράνιά
945 1693 1060 1742 ἐστι
1111 1695 1180 1742 τά
1222 1691 1560 1761 χαρίσματα,
1598 1692 1679 1744 διὸ
1726 1691 1910 1758 λέγει·

340 1796 359 1829 ι
400 1780 586 1842 Οὐδεὶς
612 1779 831 1834 δύναται
861 1782 1158 1852 λαμϐάνειν
1181 1784 1351 1850 οὐδὲν,
1377 1785 1425 1836 εί
1458 1785 1533 1854 μὴ
1631 1783 1914 1852 δεδομένον

333 1870 482 1940 αύτῷ
503 1873 568 1925 ὲκ
592 1872 685 1925 τοῦ
719 1873 973 1944 ούρανοῦ.
1004 1893 1022 1927 ι

406 1961 503 2016 νθ’.
529 1964 700 2034 Φησὶν
729 1967 757 2018 6
781 1967 975 2036 νόμος·
1015 1985 1034 2019 ι
1086 1967 1213 2021 Ἐάν
1251 1967 1307 2020 δὲ
1339 1962 1440 2021 ὦσι
1475 1967 1912 2038 μεμαρτυρημέ-

333 2074 416 2113 νοι
444 2058 594 2131 α’ύτῴ
625 2059 720 2112 καὶ
749 2059 822 2130 μὴ
857 2061 1094 2131 ἀφανίσῃ
1127 2061 1312 2125 αὑτὸν,
1342 2061 1616 2114 ἀποτίσει.
1655 2079 1676 2113 ι
1723 2059 1912 2114 Ἔστιν

333 2153 424 2208 ὅτε
487 2155 544 2205 ἐν
579 2153 867 2224 συμποσίῳ
925 2153 1177 2224 προπηδᾷ
1219 2155 1248 2205 6
1305 2152 1582 2216 κενόδοξος
1628 2152 1908 2222 λογισμὸς,

329 2247 560 2315 λαλῆσαι
592 2245 914 2315 βουλόμενος
953 2243 1104 2315 παρά
1133 2245 1225 2297 τὸν
1257 2243 1469 2312 καιρόν.
1500 2242 1912 2314 Διαμαρτύρον·

329 2353 418 2389 ται
441 2337 498 2389 δέ
529 2352 611 2388 σοι
638 2337 686 2388 οί
717 2333 1002 2404 ἀγγελικοὶ
1052 2334 1325 2404 λογισμοὶ,
1354 2333 1618 2401 ἀφανίσαι
1647 2333 1738 2386 τὸν
1767 2333 1913 2402 φιλο·

330 2424 572 2495 φλύαρον
607 2424 701 2477 καὶ
731 2424 961 2494 ἀκαιρον
992 2421 1279 2493 λογισμόν.
1319 2423 1445 2476 Ἐάν
1469 2422 1747 2494 τοίνυνμὴ
1777 2427 1920 2490 ἀφα-

330 2517 487 2586 νίσης
545 2514 711 2568 αὐτὸν
744 2516 812 2586 τῇ
863 2513 1042 2584 ἀγαθῇ
1079 2517 1278 2584 σιωπῇ,
1317 2513 1454 2567 ἀλλά
1504 2513 1917 2584 παραχωρήσῃς

331 2609 482 2677 αὐτῷ
507 2606 788 2678 προελθεῖν
832 2608 914 2669 εἰς
941 2607 1003 2660 τὸ
1033 2606 1158 2671 ἔξω,
1191 2605 1599 2676 ὑποχαυνωθεὶς
1636 2605 1714 2676 τῷ
1737 2604 1916 2676 τύφῳ,

329 2698 452 2749 τότε
472 2697 657 2749 λοιπὸν
689 2697 973 2758 ἀποτίσεις
1007 2697 1068 2748 τὺ
1096 2696 1337 2764 ὄφλημα,
1373 2696 1404 2766 ἢ
1436 2695 1684 2765 ἁμαρτία
1708 2693 1919 2766 μεγάλῃ

333 2789 438 2842 ὑπὸ
474 2791 569 2859 τῆς
606 2790 760 2860 δίκης
812 2790 1160 2860 παραδοθεὶς,
1193 2791 1224 2860 ἢ
1261 2791 1508 2861 βαρείαις
1527 2789 1670 2842 τισὶν
1704 2789 1919 2850 ὀδύναις

335 2881 765 2952 σκυματικαῖς,ἢ
804 2881 1089 2952 στιϐαραῖς
1121 2881 1368 2951 ἀδελφῶν
1401 2880 1860 2952 προσκρούσεσιν,
1883 2881 1916 2949 ἢ

331 2975 398 3042 τῇ
437 2973 576 3026 κατά
592 2973 683 3026 τὸν
719 2973 985 3044 μέλλοντα
1016 2973 1194 3026 αἰῶνα
1218 2973 1481 3044 τιμωρία.
1504 2974 1611 3026 Καὶ
1645 2971 1754 3044 γάρ
1777 2972 1920 3044 ὑπὲρ

333 3064 508 3134 ἀργοῦ
567 3066 660 3119 καὶ
728 3066 1009 3132 κενοδόξου
1071 3065 1234 3133 λόγου
1277 3065 1436 3134 λόγον
1467 3065 1800 3134 ἀποτίσομιν
1823 3065 1914 3118 διὰ

332 3156 432 3224 τὴν
462 3157 560 3225 τῆς
595 3155 850 3227 γλώσσης
888 3157 1271 3210 ἀπαιδευσίαν.
1310 3155 1400 3208 Διὺ
1443 3155 1526 3208 δεῖ
1550 3155 1647 3226 τὴν
1677 3155 1920 3223 γλῶτταν

335 3248 368 3316 ἡ
377 3247 492 3315 μῶν
523 3249 801 3318 νηφόντως
831 3249 1140 3318 φυλάττειν.

407 3339 469 3404 ξ’.
507 3341 663 3392 Ὅσοι
692 3343 750 3394 ἐν
779 3341 993 3411 ἡδοναῖς
1024 3359 1082 3392 τε
1133 3341 1510 3410 πειράζονται,
1566 3342 1658 3392 καὶ
1706 3340 1920 3408 θυμοῖς,

335 3431 427 3484 καὶ
463 3431 756 3504 φιλοδοξίᾳ,
783 3434 876 3484 καὶ
909 3435 1021 3495 τοῖς
1047 3433 1195 3500 ἑξῆς,
1232 3427 1378 3486 οὗτοι
1402 3431 1650 3499 λέγονται
1704 3430 1784 3499 τῷ
1825 3431 1923 3500 μὲν

336 3523 474 3592 ἡλίῳ
510 3525 724 3594 ἡμέρας
778 3523 1163 3590 συγκαίεσθαι,
1197 3521 1423 3592 νύκτωρ
1472 3522 1528 3574 δὲ
1581 3525 1644 3590 τῇ
1699 3521 1919 3592 σελήνῃ.

336 3611 508 3677 Εῦξαι
535 3615 718 3668 τοίνυν
740 3617 806 3685 τῇ
834 3614 954 3686 θείᾳ
981 3613 1357 3682 σκεπασθῆναι
1379 3612 1678 3684 δροσοϐόλῳ
1700 3613 1919 3684 νεφέλῃ,

337 3705 483 3766 ὅπως
515 3705 580 3758 ἂν
618 3706 712 3757 τὸν
746 3706 993 3776 φλογμὸν
1016 3704 1123 3758 τῶν
1159 3703 1372 3774 ἐχθρῶν
1392 3702 1684 3772 διαφύγῃς.

410 3794 512 3860 Ea.’
573 3797 854 3868 Μηδαμῶς
887 3796 1024 3867 πρὸς
1067 3795 1127 3849 σὲ
1177 3795 1491 3866 παρρησίαν
1527 3793 1633 3863 δῷς
1683 3797 1794 3856 τοῖς
1824 3793 1922 3864 τῆς

336 3889 690 3957 οἰνοφλυγίας
747 3889 1140 3951 ὑπασπισταῖς,
1178 3888 1274 3940 καὶ⁵
1313 3885 1524 3949 δούλοις
1555 3886 1656 3956 τῆς
1682 3885 1920 3939 ἀτάκτου

337 3980 651 4050 τραπέζης·
689 3980 825 4051 μηδὲ
874 3982 988 4044 τοῖς
1017 3980 1159 4051 μετὰ
1189 3979 1584 4048 ἀναισχυντίας
1634 3977 1817 4030 λαλεῖν
1840 3993 1922 4030 σοι

339 4072 708 4144 βουλομένοις,
737 4072 843 4126 κᾶν
867 4073 1043 4125 πολιοὶ
1069 4071 1446 4143 τὺιπρόσωπον
1480 4072 1797 4143 ὑπάρχοιεν,
1818 4070 1922 4127 κᾶν

337 4164 508 4216 πολὺν
541 4163 734 4233 χρόνον
791 4164 966 4233 ἔχοιεν
1015 4167 1076 4215 ὲν
1129 4163 1206 4234 τῷ
1241 4165 1467 4234 μονήρει
1527 4161 1648 4233 βίῳ,
1682 4163 1770 4214 ῖνα
1822 4162 1920 4233 μὴ,

337 4259 480 4309 κατὰ
510 4254 608 4324 τὴν
640 4253 884 4324 Γραφὴν,
919 4273 936 4304 ι
995 4255 1202 4324 σαπρία
1259 4253 1476 4324 καλύψῃ
1503 4270 1586 4318 σε,
1622 4271 1640 4304 ι
1689 4251 1922 4314 καὶτοῖς

335 4345 668 4416 ἀκαθάρτοις
702 4349 794 4398 καὶ
819 4345 918 4416 τὴν
979 4344 1208 4417 καρδίαν
1251 4343 1655 4416 ἀπεριτμήτοις
1685 4358 1924 4395 συναπα-

337 4438 494 4507 χοῇςο

408 4528 506 4599 ξβ’.
543 4529 768 4600 Πρῶτον
818 4529 1184 4598 ἐγχειρίζεται
1214 4529 1418 4599 Πέτρος
1455 4529 1554 4592 τάς
1585 4528 1755 4594 κλεῖς,
1801 4522 1923 4583 εἶτα

338 4627 706 4691 συγχωρεῖται
733 4623 921 4672 πεσεῖν
955 4621 1090 4687 πρὸς
1125 4620 1224 4690 τὴν
1247 4620 1499 4690 ἄρνησιν,
1532 4618 1673 4673 ὥστε
1711 4635 1924 4690 σωφρο-

336 4716 588 4784 νισθῆναι
616 4711 919 4785 τῇπτώσει
957 4711 1016 4763 τὸ
1070 4714 1357 4781 φρόνημα.
1417 4711 1528 4764 Καὶ
1554 4711 1618 4764 σὺ
1646 4710 1824 4764 τοίνυν
1860 4710 1926 4763 ἂν

335 4808 433 4878 τῆς
464 4808 714 4875 γνώσεως
741 4805 842 4875 τὴν
891 4802 1077 4857 κλεῖδα
1110 4801 1428 4871 δεξάμενος,
1483 4801 1750 4864 ποικίλοις
1773 4801 1924 4870 λογι-

339 4902 495 4968 σμοῖς
529 4896 888 4968 περιπίπτῃς,
945 4893 1023 4964 μὴ
1057 4893 1268 4957 ξενίζον
1290 4911 1302 4923 ·
1337 4891 1524 4956 δόξαζε
1555 4893 1612 4946 δὲ
1641 4893 1731 4945 τὸν
1764 4893 1926 4963 μόνον

338 4989 502 5057 σοφὸν
528 4989 684 5060 ήμῶν
716 4985 940 5058 Κύριον,
974 4985 1068 5039 τὸν
1093 4987 1216 5048 ταῖς
1242 4985 1616 5055 περιπτώσεσι
1633 4984 1914 5053 χαλινοῦν·

335 5099 406 5134 τα
465 5079 564 5151 τὴν
597 5081 776 5151 οἴησιν
797 5079 895 5150 τὴν
921 5079 1393 5133 ὲπαναϐαίνουσαν
1423 5080 1490 5149 τῇ
1519 5076 1768 5148 θειοτέρα
1789 5077 1928 5146 γνώσ

342 5188 458 5223 σει·
487 5171 537 5223 οἱ
566 5172 674 5243 γὰρ
710 5170 1010 5241 πειρασμοὶ
1043 5167 1262 5238 χαλινὸς
1301 5168 1635 5237 ὑπάρχουσι,
1672 5167 1925 5237 χαλινοῦν

337 5264 629 5332 δυνάμενοι
657 5263 720 5316 τὸ
750 5261 1094 5334 ἀνθρώπινον
1116 5261 1367 5331 φύσημα,
1402 5263 1472 5331 τῇ
1497 5259 1594 5313 τοῦ
1619 5259 1756 5313 Θεοῦ
1784 5276 1920 5331 προ-

337 5371 475 5409 νοια..

409 5409 508 5514 έγ’.
543 5445 608 5498 Ei
665 5445 732 5498 τὰ
767 5445 912 5500 καλά
965 5444 1225 5508 πολλάκις
1276 5443 1338 5508 ἐξ
1368 5443 1524 5514 ἡμῶν
1552 5445 1867 5516 ἀφαιρεῖται
1897 5447 1925 5498 6

339 5539 564 5608 Κύριος,
588 5537 778 5608 ὥσπερ
804 5539 896 5592 τὸν
926 5537 1154 5592 πλοῦτον
1179 5537 1272 5590 τοῦ
1311 5537 1455 5601 Ἰὼϐ,
1489 5539 1506 5606 (
1537 5557 1555 5588 ι
1586 5537 1789 5608 Κύριος
1816 5538 1925 5609 γάρ

339 5631 530 5695 ἔδωκε,
590 5629 793 5699 Κύριος
826 5630 1010 5694 ἔλαϐε,
1044 5651 1062 5683 ι
1091 5629 1109 5700 )
1143 5631 1361 5694 πάντως
1402 5647 1506 5683 που
1540 5631 1633 5683 καὶ
1678 5631 1746 5683 τὰ
1777 5633 1924 5682 κακά

339 5722 484 5790 ἅπερ
515 5723 645 5792 ἡμῖν
671 5723 952 5791 ἐπήγαγεν
981 5723 1010 5774 6
1043 5721 1267 5784 Αίώνιος
1315 5723 1380 5774 ἐκ
1419 5723 1600 5793 χειρὸς
1631 5722 1789 5792 ἡμῶν

340 5815 520 5884 ύεται.
546 5833 563 5866 ι
589 5815 794 5882 Ἀγαθὰ
817 5813 944 5884 γάρ,
981 5815 1136 5884 φησὶ,
1160 5816 1252 5867 καὶ
1282 5815 1427 5869 κακὰ
1454 5815 1602 5885 παρὰ
1624 5817 1842 5885 ’Κυρίου
1866 5832 1872 5840 ·
1899 5838 1916 5870 ι

1479 370 1850 431 CAPI'I‘ULA
1894 371 1992 430 AD
2025 369 2454 429 MONACHOS.

3471 372 3610 433 1850

2022 503 2116 555 καὶ
2144 503 2173 554 6
2227 502 2529 570 ἐπαγαγὼν
2572 503 2708 572 ἡμῖν
2754 499 2822 554 τά
2853 501 3024 566 κακὰ,
3057 501 3218 566 αὐτὸς
3256 505 3446 571 ἑπάξει
3475 507 3608 576 ἡμῖν

2019 594 2116 664 τὴν
2136 593 2353 647 αίώνιον
2379 593 2721 664 εὐφροσύνην
2754 594 2892 662 μετά
2911 591 3068 662 δόξης
3095 595 3338 648 αἰωνίου.
3364 596 3608 668 «Ὠσπερ

2020 685 2130 754 γάρ
2167 685 2528 756 ἐγρηγόρουν,
2568 687 2702 754 φησὶ
2735 686 2966 754 Κύριος,
2994 686 3074 747 είς
3102 684 3162 737 τὸ
3209 689 3608 758 καταστρέφειν

2019 775 2114 827 καὶ
2138 777 2456 828 κακοποιεῖν
2482 775 2648 845 ὑμᾶς,
2701 774 2786 827 καί
2821 774 3259 844 ἀνοικοδομήσω,
3314 778 3407 827 καὶ
3437 778 3499 830 ού
3529 778 3606 848 μὴ

2020 867 2364 937 καθαιρήσω,
2422 867 2514 918 καὶ
2547 864 2821 934 φυτεύσω,
2863 866 2957 916 καὶ
2986 863 3046 916 ού
3089 867 3164 934 μὴ
3201 865 3420 921 ὲκτιλῶ.
3457 888 3475 918 ι
3513 868 3605 918 Σι-

2019 960 2169 1024 γὰτω
2197 960 2429 1028 τοίνυνή
2467 957 2720 1028 δημώδης
2752 957 2987 1024 λέγουσα
3041 959 3314 1026 παροιμία
3344 975 3356 988 °
3407 959 3526 1028 Ἐφ’
3559 953 3604 1027 ᾧ

2018 1050 2226 1114 κακῶς,
2258 1050 2359 1102 οὐκ
2382 1049 2498 1102 ἔστι
2525 1049 2704 1112 καλῶς
2733 1065 2747 1078 ·
2769 1051 2796 1102 6
2818 1048 2927 1118 γὰρ
2963 1050 3055 1100 ἐπὶ
3077 1049 3137 1101 τὸ
3167 1052 3349 1121 χεῖρον
3371 1050 3603 1104 ἀλλοιῶ-

2020 1159 2119 1203 σας
2165 1143 2233 1195 τά
2264 1147 2567 1212 πράγματα
2615 1141 2843 1212 Κύριος,
2899 1139 3124 1193 δύναται
3172 1143 3390 1205 πάντως
3431 1143 3606 1197 ταῦτα

2019 1231 2179 1284 πάλιν
2227 1233 2318 1284 ἐπὶ
2347 1232 2405 1284 τὸ
2435 1231 2816 1303 λαμπρῦτερον
2867 1230 3288 1304 ἀπροσδοκήτως
3334 1235 3608 1304 μεταϐάλ-

2016 1322 2072 1374 λε
2084 1340 2151 1376 ιν.

2092 1415 2183 1479 ξδ’.
2223 1415 2281 1470 '0
2333 1419 2446 1481 τοῖς
2491 1418 2740 1490 δαίμοσιν
2773 1422 2884 1474 εῐτε
2913 1421 2984 1474 δι’
3015 1420 3370 1489 ἐγκρατείας,
3393 1420 3506 1471 εἴτε
3533 1418 3603 1472 δι’

2016 1508 2203 1577 εὐχῆς,
2266 1510 2375 1562 εῖτε
2410 1509 2500 1562 διὰ
2546 1511 2725 1580 πάσης
2753 1513 2955 1583 ἀρετῆς
2988 1513 3348 1584 σφοδρότερον
3377 1512 3471 1563 καὶ
3502 1528 3607 1580 φι-

2015 1599 2288 1652 λονεικότε
2300 1617 2391 1670 ρον
2414 1602 2789 1671 ἐπεμϐαίνων,
2813 1603 3115 1674 βαθυτέρας
3137 1605 3266 1675 παρ’
3299 1603 3482 1656 αὐτῶν
3505 1603 3606 1664 τάς

2017 1693 2235 1761 πληγάς
2265 1694 2642 1765 ἀντιλήψεται,
2682 1697 2876 1767 μέχρις
2907 1692 2969 1751 οὗ
3015 1700 3107 1753 καί⁵
3143 1701 3223 1762 είς
3271 1697 3604 1752 ἀπευδοκίαν

2015 1785 2378 1853 καταστῆναι,
2439 1786 2727 1858 ἀπόκριμα
2773 1789 2868 1844 τοῦ
2924 1789 3118 1860 νοητοῦ
3165 1789 3396 1845 θανάτου
3440 1806 3604 1843 κατο-

2017 1876 2232 1931 πτεύων
2265 1879 2324 1930 ὲν
2355 1880 2423 1949 τῇ
2447 1879 2641 1932 ἑαυτοῦ
2671 1879 2838 1952 ψυχῇ.
2884 1881 2972 1943 Ὠς
3003 1884 3258 1954 παρεῖναι
3282 1881 3468 1950 λέγειν
3499 1882 3601 1934 αύ-

2014 1969 2140 2022 τόν·
2173 1989 2191 2022 ι
2233 1970 2329 2033 Τίς
2361 1988 2428 2040 με
2479 1971 2703 2043 ῥύσεται
2737 1977 2798 2027 ἐκ
2837 1973 2931 2026 τοῦ
2959 1973 3209 2044 σώματος
3235 1973 3330 2027 τοῦ
3367 1972 3601 2027 θανάτου

2011 2060 2234 2127 τούτους
2288 2079 2306 2113 ι
2367 2061 2851 2133 καταναγκάζομαι
2899 2064 3009 2136 γάρ
3054 2064 3366 2136 ἀϐουλήτως
3403 2061 3604 2118 ὑποκύ-

2015 2166 2170 2203 πτειν
2198 2153 2310 2214 τοῖς
2345 2152 2534 2222 νόμοις
2565 2152 2660 2205 τοῦ
2692 2152 3014 2210 ἀντιπάλου.

2090 2235 2184 2304 Ee'.
2216 2238 2329 2309 Οὐχ
2356 2237 2544 2301 ἁπλῶς
2571 2239 2898 2311 προεγράφη
2930 2240 3012 2294 ὃτι
3041 2238 3187 2303 τινὲς
3214 2239 3353 2311 πρὸς
3378 2238 3610 2305 ἑαυτοὺς

2015 2326 2206 2397 ελεγον
2225 2343 2239 2358 ·
2279 2345 2298 2380 ι
2345 2327 2667 2400 Ἀνάστητε,
2699 2330 2796 2384 καὶ
2828 2329 3036 2401 ἥξομεν
3060 2331 3198 2402 πρὸς
3229 2331 3358 2387 λαὸν
3407 2348 3608 2384 πεποιο

2018 2421 2151 2476 θότα
2184 2419 2274 2474 ἔπ’
2309 2419 2510 2487 ἐλπίδι,
2561 2422 2658 2475 καὶ
2714 2405 3086 2493 ἡσυχάζοντα.
3151 2441 3172 2476 ι
3225 2423 3338 2476 Καὶ
3397 2424 3608 2480 πάλιν·

2021 2530 2042 2564 ι
2079 2511 2247 2565 Δεῦτε
2301 2511 2609 2576 ἀναϐάντες
2655 2512 3086 2585 συλλαλήσωμεν
3146 2514 3336 2579 αὐτοῖς
3385 2515 3610 2588 γλώσσῃ

2015 2605 2181 2674 νοερᾷ
2231 2603 2401 2675 δολία,
2438 2605 2534 2658 καὶ
2575 2605 3018 2677 ἀποστρέψωμεν
3051 2607 3251 2671 αὐτοὺς
3299 2609 3440 2678 πρὸς
3468 2610 3614 2679 ἡμᾶς

2015 2694 2124 2748 ἀπὸ
2163 2695 2266 2765 τῆς
2291 2695 2572 2764 ἀληθείας.
2613 2715 2632 2748 ι
2664 2699 2727 2750 Οί
2775 2698 2885 2768 γάρ
2903 2699 3070 2751 δεινοὶ
3099 2697 3354 2769 δαίμονες
3387 2699 3614 2753 είώθασι

2015 2785 2173 2856 παρά
2207 2790 2388 2841 πᾶσαν
2413 2785 2511 2858 τὴν
2543 2787 2689 2857 ζωὴν
2725 2789 2870 2842 κατὰ
2898 2789 3008 2842 τῶν
3063 2789 3156 2842 τὸν
3190 2789 3419 2860 ἡσύχιον
3443 2807 3612 2861 προε-

2013 2875 2258 2946 λομένων
2291 2877 2429 2948 βίον,
2465 2880 2668 2948 ἀκονᾷν
2697 2879 2765 2932 τά
2795 2878 2922 2950 ξίφη
2953 2879 3064 2932 τῶν
3115 2879 3465 2950 πειρασμῶν,
3517 2882 3613 2935 καὶ

2013 2966 2400 3038 μανικώτερον
2439 2967 2643 3036 μᾶλλον
2667 2972 2778 3032 τοῖς
2808 2969 3232 3039 εὐλαϐεστέροις
3279 2987 3340 3022 τε
3373 2972 3466 3024 καὶ
3495 2971 3612 3026 θεο-

2011 3057 2360 3129 σεϐεστέροις
2392 3059 2815 3130 ἐπιστρατεύειν
2833 3064 2914 3123 είς
2942 3061 3042 3130 τὴν
3067 3060 3190 3114 κατ’
3216 3061 3348 3114 αὐτὸ
3368 3061 3428 3114 τὸ
3448 3063 3612 3134 ἔργον

2010 3151 2292 3221 ἁμαρτίαν
2342 3150 2614 3213 ὠθοῦντες
2665 3151 2914 3216 τούτους,
2969 3152 3235 3224 πολέμοις
3289 3153 3608 3226 άφορήτοις,

2009 3245 2151 3314 τάχα
2183 3244 2289 3298 κᾶν
2319 3243 2463 3298 οὓτω
2495 3243 2770 3316 δυνηθῶσι
2823 3246 2922 3314 τῆς
2953 3247 3035 3308 είς
3077 3245 3316 3316 Χριστὸν
3344 3247 3608 3316 πίστεως,

2010 3337 2105 3390 καὶ
2133 3336 2233 3404 τῆς
2266 3336 2455 3408 εὐχῆς,
2489 3337 2585 3390 καὶ
2616 3337 2991 3400 εύελπιστίας,
3020 3338 3333 3409 ἀποστῆσαι
3365 3340 3491 3402 τοὺς
3509 3357 3612 3393 πε-

2007 3426 2454 3498 πολεμημένους,
2499 3429 2644 3483 Ἀλλ’
2695 3430 2879 3499 ἡμεῖς,
2944 3429 3019 3492 ὥς
3054 3446 3190 3498 φησι
3227 3431 3416 3496 Δαϐὶδ,
3465 3450 3484 3483 ι
3537 3429 3611 3486 Οὐ

2012 3514 2088 3586 μὴ
2120 3517 2458 3586 ἀποστῶμεν
2506 3518 2615 3572 ἀπὸ
2651 3519 2768 3583 σοῦ,
2805 3518 2911 3582 ἕως
2939 3513 3000 3573 οὗ
3046 3521 3410 3592 οἰκτειρήσεις
3441 3522 3612 3592 ἡμᾶς,

2008 3607 2102 3658 καὶ
2137 3609 2533 3677 μακρυνθῶσιν
2568 3610 2663 3677 ἀφ’
2691 3612 2722 3678 ἡ
2733 3611 2850 3678 μῶν
2874 3611 2923 3662 οῖ
2955 3613 3356 3676 καταπίνοντες
3388 3615 3560 3683 ἡμᾶς.
3588 3633 3608 3665 ι

2006 3697 2080 3749 Ού
2118 3699 2197 3769 μὴ
2223 3699 2558 3770 ἀποστῶμεν
2587 3701 2696 3753 ἀπο
2724 3699 2819 3752 σοῦ
2853 3703 3049 3770 μέχρις
3073 3701 3140 3754 ἂν
3172 3703 3488 3776 προστάξεις
3513 3707 3612 3773 ἀφ’

2006 3789 2165 3859 ἡμῶν
2222 3791 2484 3844 ἀπελθεῖν
2526 3797 2651 3855 τοὺς
2705 3791 3076 3861 πειράζοντας
3107 3794 3276 3864 ἡμᾶς,
3337 3795 3435 3848 καὶ
3468 3797 3608 3861 ζωο-

2007 3878 2334 3950 ποιηθῶμεν
2387 3879 2454 3933 δι’
2506 3881 2790 3952 ὑπομονῆς
2845 3884 2940 3935 καὶ
2998 3884 3237 3955 στερρᾶς
3310 3885 3606 3950 ἀπαθείας.

2012 3968 2152 4021 διότι
2212 3972 2574 4042 πειρατήριόν
2621 3977 2772 4026 ἐστιν
2803 3973 2832 4023 ὁ
2880 3974 2994 4045 βίος
3030 3975 3124 4028 τοῦ
3151 3975 3469 4046 ἀνθρώπου,
3510 3980 3607 4032 καὶ

2005 4056 2429 4131 χρόνοντακτὺν
2468 4063 2731 4130 πολλάκις
2772 4065 2880 4118 ὑπὸ
2913 4067 3040 4130 τοὺς
3076 4067 3246 4131 πόδας
3294 4069 3404 4122 τῶν
3450 4069 3610 4124 ἀλλο-

2002 4153 2171 4222 τρίων
2206 4152 2430 4208 πίπτειν
2486 4157 2840 4227 ὲτοιμάζεται
2891 4158 3044 4228 παρά
3101 4158 3196 4211 τοῦ
3230 4159 3603 4228 ἀγωνοθέτου·

2008 4242 2388 4312 μεγαλοφυοῦς
2440 4246 2512 4299 δὲη
2546 4246 2726 4318 ψυχῆς
2782 4254 2879 4302 καὶ
2926 4249 3183 4318 γενναίας
3245 4252 3400 4318 ῐδιον,
3438 4253 3499 4307 τὸ
3531 4254 3606 4326 μὴ

2009 4336 2418 4405 ἀπογινώσκειν
2443 4341 2500 4392 ὲν
2533 4344 2861 4412 συμφοραῖς.

2070 4428 2180 4494 Eg“.
2238 4430 2586 4485 Είιτοσοῦτον
2619 4433 2794 4503 ίσχύει
2829 4434 3064 4506 δαίμων,
3092 4435 3236 4490 ὥστε
3268 4438 3365 4492 καὶ
3414 4437 3490 4510 μὴ
3515 4438 3606 4492 θέ-

2002 4520 2190 4584 λοντος
2245 4523 2340 4575 τοῦ
2394 4523 2724 4594 ἀνθρώπου,
2782 4527 3214 4595 μετασκευάζειν
3267 4527 3460 4582 τοῦτον
3512 4530 3606 4582 καὶ

2007 4612 2343 4685 μεταφέρειν
2366 4616 2503 4687 πρὸς
2523 4617 2624 4687 τὴν
2646 4617 2857 4671 οἰκείαν
2888 4619 3084 4689 φοράν,
3118 4619 3220 4689 τῆς
3263 4621 3407 4674 κατά
3441 4621 3606 4690 φύσιν

2011 4705 2288 4760 ἐκστάντα
2313 4708 2533 4779 ἀγαθῆς
2555 4709 2969 4775 καταστάσεως,
3003 4711 3174 4765 πόσον
3198 4711 3374 4782 ἰσχύει
3405 4713 3608 4782 Ἀγγε-

2002 4793 2093 4859 λος
2120 4796 2200 4867 τῷ
2216 4797 2513 4870 ὡρισμένῳ
2526 4800 2708 4873 καιρῷ
2728 4802 2788 4855 τὸ
2815 4802 3096 4874 κέλευσμά
3108 4802 3203 4857 τοῦ
3225 4803 3361 4857 Θεοῦ
3373 4803 3605 4875 δεξάμεο

2004 4905 2121 4954 νος,
2144 4891 2331 4945 πᾶσαν
2377 4893 2471 4944 ἐπὶ
2501 4893 2562 4945 τὸ
2601 4899 2853 4966 κρεῖττον
2889 4898 3227 4968 μεταγαγεῖν
3252 4898 3350 4968 τὴν
3379 4897 3474 4950 τοῦ
3506 4899 3605 4952 ἀν-

2005 4979 2226 5051 θρώπου
2250 4983 2659 5051 διάθεσινςΚαὶ
2696 4988 2724 5040 6
2754 4988 3092 5058 πάμψυχρος
3121 4987 3324 5060 βορρᾶς
3350 4988 3606 5044 τοσοῦτον

2003 5073 2310 5145 ιξίσχυσεν,
2358 5075 2501 5130 ὥστε
2551 5077 2690 5148 πρὸς
2734 5079 2834 5147 τὴν
2868 5079 2979 5132 τῶν
3039 5079 3205 5133 λίθων
3257 5081 3605 5152 σκληρότητα

2007 5169 2377 5238 μεταποιῆσαι
2405 5170 2504 5237 την
2549 5168 2646 5222 τοῦ
2689 5168 2881 5233 ὕδατος
2914 5169 3285 5240 ἁπαλωτάτην
3338 5172 3524 5239 φύσιν,
3552 5171 3606 5226 τί

2005 5257 2072 5311 ἀν
2095 5259 2345 5331 ποιήσῃὸ
2368 5259 2702 5330 θερμότατος
2734 5261 2943 5329 Νότος;
2977 5261 3026 5314 εί
3079 5261 3108 5312 6
3143 5262 3251 5332 ἀὴρ
3299 5260 3422 5316 λίαν
3449 5279 3608 5315 κατε-

2003 5349 2306 5419 ψυγμένος,
2333 5350 2403 5403 τά
2428 5351 2608 5405 πάντα
2635 5350 2783 5422 αύτῷ
2802 5351 3022 5416 ὑπεῖξαι
3051 5352 3146 5404 καὶ
3179 5353 3602 5416 κατασκευάζει·

2005 5441 2088 5503 τίς
2108 5442 2218 5512 γάρ
2256 5443 2626 5513 ύποστήσεται
2657 5443 2801 5497 κατά
2831 5443 3128 5515 πρόσωπον
3174 5442 3382 5515 ψύχους
3417 5461 3432 5510 ;
3482 5444 3606 5512 πῶς

2003 5533 2105 5584 οὐκ
2136 5532 2202 5585 ἂν
2238 5532 2375 5603 πρὸς
2422 5535 2626 5604 ἑαυτὴν
2658 5536 2691 5606 ἡ
2731 5535 2916 5607 θέρμη
2953 5535 3024 5590 τά
3060 5536 3241 5590 πάντα
3279 5537 3600 5610 μεταϐάλῃς

2005 5623 2072 5675 Τί
2124 5624 2233 5692 γάρ
2265 5624 2638 5696 ύποστήσεται
2670 5627 2814 5682 κατά
2869 5626 3166 5697 πρόσωπον
3221 5628 3466 5700 θέρμης;
3509 5631 3606 5684 Il:-

2008 5715 2326 5788 στεύσωμεν
2354 5715 2447 5770 οὖν
2483 5718 2578 5771 τὸν
2607 5719 2817 5789 ψυχρόν
2877 5736 2937 5772 τε
2978 5719 3072 5772 καὶ
3110 5719 3319 5790 μέλανα
3351 5719 3604 5792 ἄνθρακα

2006 5808 2104 5875 τῆς
2151 5808 2388 5874 διανοίας
2421 5810 2579 5882 ἡμῶν
2627 5811 2721 5880 όψέ
2783 5829 2936 5878 ποτε,
2969 5811 3000 5882 ἢ
3033 5811 3250 5881 θᾶττον,
3303 5811 3506 5883 θερμόν
3543 5830 3599 5872 τε
