4086 6394
466 377 601 446 1851

462 511 559 564 καὶ
610 511 878 584 φωτοειδῆ
926 510 1148 568 ἔσεσθαι
1199 513 1266 587 τῇ
1309 513 1587 591 προσϐολῇ
1648 517 1745 573 τοῦ
1775 517 2052 576 θειοτάτου

461 613 656 673 πυρος.

537 694 635 759 EC’.
688 694 843 748 Ἔστι
871 712 955 760 τις
986 696 1082 749 καὶ
1123 696 1215 750 ἐπὶ
1264 696 1359 752 τοῦ
1385 701 1655 769 παρόντος
1690 701 2049 767 κατάστασις,

466 791 773 863 μαρτύριον
804 794 899 846 καὶ
955 797 1181 863 σημεῖον
1207 793 1287 864 τῷ
1340 795 1597 867 ἡμετέρῳ
1625 797 1684 850 ἐν
1715 795 1795 868 τῷ
1823 797 2053 869 κρυπτῷ

475 885 671 952 Ἰωσὴφ
701 883 965 954 τιθεμένη
1002 885 1272 948 ἀπαθείας
1296 886 1353 939 ἓν
1387 890 1584 956 ἐσμεν·
1626 887 1749 942 καθ’
1782 888 1896 961 ῆνδ
1929 888 2052 952 νοῦς

463 971 694 1038 ἐξελθὼν
726 974 786 1040 ἐξ
814 976 1114 1043 Αἰγύπτου.
1168 977 1464 1044 ἀφίσταται
1494 978 1593 1048 μὲν
1622 979 1732 1032 τῶν
1786 978 2052 1050 ἑμπαθῶν

463 1065 700 1135 ἀρσεων,
729 1068 823 1118 καὶ
852 1068 951 1135 τῆς
975 1068 1032 1118 ἐν
1057 1065 1132 1137 τῷ
1160 1069 1366 1139 κοφίνῳ
1389 1069 1755 1141 αἰσχροτάτης
1781 1068 2051 1136 δουλείας,

463 1155 716 1223 γλῶσσαν
748 1157 807 1210 δὲ
854 1158 921 1229 ἠν
948 1160 1048 1211 οὐκ
1102 1159 1244 1226 ἔγνω
1269 1159 1491 1213 ἀκούει·
1518 1161 1618 1213 οὑκ
1665 1161 1745 1212 ἐτι
1798 1160 2051 1229 γλῶσσαν

461 1249 735 1320 δαιμόνων
773 1250 1053 1322 ρυπαράν,
1110 1250 1205 1302 καὶ
1240 1250 1548 1322 φθαρτικὴν
1579 1254 1677 1322 τῆς
1726 1251 1893 1322 ὀρθῆς
1937 1253 2054 1305 δια-

462 1340 636 1405 νοίας,
661 1341 796 1394 ἀλλά
820 1340 1071 1409 γλῶσσαν
1099 1342 1263 1411 ἁγίαν
1294 1345 1630 1413 φωτοφόρων
1655 1344 1930 1413 ἀγγέλων,
1959 1363 2056 1416 με-

461 1432 847 1487 τατυπούντων
882 1435 974 1487 τὸν
995 1432 1123 1487 νοῦν
1154 1434 1263 1487 ἀπὸ
1293 1438 1386 1487 τοῦ
1409 1439 1660 1505 σώματος
1689 1437 1785 1489 ἐπὶ
1823 1437 1885 1491 τὸ
1908 1437 2052 1492 ἀσώ-

466 1542 671 1597 ματονο
735 1525 990 1595 γλῶσσαν
1047 1527 1382 1598 φωτιστικὴν
1437 1529 1534 1599 τῆς
1594 1529 1889 1602 δεχομένης
1946 1531 2054 1602 ψα-

496 1635 585 1687 ης.

461 1636 636 1779 mg}.
685 1709 936 1764 Ἤκουσά
979 1726 1144 1762 τινων
1207 1709 1454 1779 ἀδελφῶν
1508 1713 1936 1785 ἀρρωστούντων
1991 1715 2053 1768 τὸ

464 1801 624 1871 σῶμα
671 1800 990 1866 ἀνενδότως,
1044 1802 1140 1854 καὶ
1178 1801 1257 1872 μὴ
1298 1802 1613 1873 δυναμένων
1655 1806 1955 1878 κεχρῆσθαι
1985 1809 2057 1878 τῇ

462 1891 710 1964 νηστείᾳ,
741 1894 1043 1964 εἰρηκότων
1074 1894 1211 1965 πρός
1238 1910 1306 1963 με
1326 1909 1341 1924 ο
1387 1895 1507 1956 Πῶς
1571 1894 1850 1965 δυνάμεθα
1882 1897 2054 1969 χωρὶς

464 1981 720 2052 νηστείας
750 1981 1132 2050 ἀπαλλαγῆναι
1154 1982 1249 2036 τοῦ
1282 1982 1532 2037 διαϐόλου
1567 1986 1794 2039 καὶτῶν
1826 1987 2051 2055 παθῶν;

466 2074 612 2145 Πρὸς
640 2070 733 2138 οὓς
761 2072 983 2126 λεκτέον
1008 2114 1022 2138 ,
1049 2075 1131 2127 ὅτι
1154 2075 1228 2128 Οὐ
1264 2074 1426 2145 μόνον
1455 2076 1542 2130 διὰ
1565 2077 1664 2146 τῆς
1697 2079 1909 2148 ἀποχῆς
1945 2079 2053 2132 τῶν

469 2167 771 2238 ἐδωδίμων,
805 2165 941 2219 ἀλλά
973 2167 1070 2220 καὶ
1118 2166 1208 2220 διά
1243 2171 1493 2240 κραυγῆς
1541 2170 1767 2239 καρδίας
1796 2170 2051 2240 ἐπιτρίψαι

462 2259 558 2311 καὶ¹
605 2257 991 2326 ἐξοστρακίσαι
1023 2258 1320 2330 δυνήσεσθε
1375 2258 1443 2311 τά
1484 2276 1543 2312 τε
1586 2259 1766 2328 φαῦλα
1793 2260 1890 2314 καὶ
1929 2263 2057 2325 τοὺς

462 2350 571 2402 τῶν
632 2348 853 2417 φαύλων
888 2348 1195 2413 ὑποϐολεῖς.
1256 2368 1275 2402 ι
1325 2350 1667 2421 Ἐκέκραξαν
1711 2354 1842 2424 γὰρ,
1896 2355 2054 2423 φησὶ,

464 2439 600 2508 πρὸς
632 2440 837 2509 Κύριον
873 2441 932 2493 ἐν
971 2439 1050 2511 τῷ
1082 2439 1368 2494 θλίϐεσθαι
1399 2445 1620 2508 αὑτοὺς,
1662 2444 1756 2497 καὶ
1781 2444 2058 2518 ἐρρύσατο

464 2530 684 2594 αὐτούς.
725 2551 743 2582 ι
769 2532 880 2584 Καὶ
913 2531 1077 2585 πάλιν
1108 2532 1444 2606 γέγραπται’
1486 2554 1505 2587 ι
1552 2535 1647 2590 Ἐκ
1678 2537 1889 2601 κοιλίας
1922 2536 2053 2610 ᾅδου

464 2624 714 2693 κραυγῆς
759 2640 861 2692 μου
890 2622 1133 2694 ἧκουσας
1171 2625 1356 2694 φωνῆς
1389 2642 1526 2693 μου·
1564 2627 1661 2681 καὶ
1706 2628 1965 2698 ἀναϐήτω
1990 2630 2055 2684 ἐκ

462 2709 673 2782 φθορᾶς
697 2714 730 2782 ἠ
760 2713 873 2783 ζωή
913 2730 1035 2784 μου.
1073 2732 1092 2765 ι
1126 2715 1328 2785 Διόπερ
1359 2715 1553 2788 μέχρις
1585 2717 1709 2770 ὅτου
1740 2716 1988 2789 παρέλθῃ
2017 2719 2063 2790 η

458 2803 683 2873 ἀνομία,
729 2804 1071 2876 τουτέστινή
1110 2806 1394 2878 ἐνόχλησις
1451 2810 1550 2879 τῆς
1599 2809 1901 2881 ἁμαρτίας,
1956 2827 2050 2864 κε·-

458 2892 757 2963 κράξομαι,
802 2896 959 2965 φησὶ,
1013 2898 1153 2966 πρὸς
1206 2898 1298 2951 τὸν
1323 2899 1457 2952 θεὸν
1512 2900 1602 2953 τὸν
1630 2901 1876 2969 ὕψιστον,
1903 2902 2053 2967 ὅπως

459 2984 725 3057 μεγίστην
753 2987 1074 3058 εὐεργεσίαν
1091 2989 1456 3061 δωρούμενος,
1477 2992 1650 3062 αὑτήν
1671 3009 1729 3046 τε
1756 2991 1854 3064 τὴν
1881 3010 2051 3064 προσ-

456 3073 620 3147 ϐολήν
644 3077 746 3147 τῆς
771 3079 1045 3149 ἁμαρτίας
1100 3080 1409 3154 ἐξαφανίση
1455 3086 1520 3154 τῇ
1568 3083 1759 3138 ἐαυτοῦ
1805 3082 2046 3156 ἐξουσίᾳ,

457 3166 552 3220 καὶ
572 3170 641 3221 τὰ
667 3168 770 3236 τῆς
811 3170 1096 3241 ἐμπαθοῦς
1121 3172 1364 3237 διανοίας
1396 3174 1592 3227 εῐδωλα
1619 3175 1904 3247 ἐξαλείψῃ,
1956 3175 2049 3228 καὶ

455 3256 779 3324 ἀνειδώλους
805 3259 956 3332 δείξῃ
991 3263 1088 3325 τὰς
1121 3263 1250 3334 παρ’
1291 3265 1450 3334 ἡμῶν
1486 3264 1847 3327 κατειδώλους
1885 3266 2050 3319 ἀσθε-

455 3350 602 3414 νείας
631 3350 744 3423 [Ian
780 3354 879 3415 τὰς
925 3356 1058 3424 παρ’
1107 3357 1241 3426 ἡμῖν
1273 3356 1633 3421 κατειδώλους
1682 3357 1958 3431 Ἀθῆνας].
1985 3359 2046 3412 El

453 3442 633 3495 τοίνυν
668 3443 743 3512 μὴ
766 3443 999 3513 εῐληφας
1031 3445 1280 3517 χάρισμα
1311 3449 1664 3520 ἐγκρατείας,
1692 3451 1930 3518 γίνωσκε
1963 3452 2046 3505 ὅτι

453 3530 524 3585 δι’
546 3533 712 3604 εὑχῆς
735 3534 830 3587 καὶ
853 3535 1067 3601 ἐλπίδος
1085 3537 1230 3599 θέλει
1260 3556 1318 3593 σε
1343 3543 1370 3594 6
1392 3540 1599 3612 Κύριος
1625 3544 2046 3616 είσακουσθῆναι

455 3623 734 3692 δεόμενον.
777 3626 1066 3695 Ἐγνωκὼς
1131 3624 1226 3683 οῦν
1287 3630 1349 3684 τὺ
1375 3631 1698 3687 δεσποτικὸν
1740 3636 1934 3705 κρῖμα,
1969 3634 2046 3706 μὴ

454 3716 658 3787 ἀθύμει
703 3720 796 3772 ἐπὶ
830 3721 895 3790 τῇ
929 3721 1025 3789 τῆς
1064 3722 1352 3794 ἀσκήσεως
1383 3723 1694 3797 ἀδυναμίᾳ·
1735 3726 1937 3795 μᾶλλον
1983 3727 2043 3782 δὲ

452 3809 541 3872 δὸς
571 3812 838 3882 ἐργασίαν
880 3813 1230 3885 ἀπηλλάχθαι
1260 3815 1352 3869 τοῦ
1395 3816 1618 3888 ἐχθροῦ,
1651 3819 1720 3873 δι’
1747 3820 1914 3891 εὐχῆς
1949 3824 2045 3875 καὶ

449 3902 728 3973 ὑπομονῆς
776 3904 1129 3976 εὐχαρίστου.
1182 3907 1311 3961 Ἐὰν
1361 3905 1457 3963 οὖν
1507 3911 1780 3966 διώκωσιν
1817 3914 1961 3983 ὑμᾶς
1993 3914 2045 3968 οἱ

447 3993 703 4065 λογισμοὶ
730 3996 832 4067 τῆς
865 3999 1176 4065 ἀσθενείας,
1216 4003 1313 4055 καὶ
1372 4006 1474 4072 τῆς
1516 4005 1902 4078 ταλαιπωρίας
1932 4007 2043 4061 ἀπὸ

446 4085 546 4155 τῆς
578 4086 785 4151 πόλεως
813 4087 912 4158 τῆς
933 4094 1318 4163 νηστευτρῖας,
1350 4095 1581 4164 φεύγετε
1604 4099 1818 4168 είς-τὴν
1837 4098 2037 4167 ἀλλην·

445 4175 729 4227 τουτέστιν
774 4177 855 4240 είς
887 4178 988 4249 τὴν
1032 4180 1198 4251 εὐχὴν
1262 4183 1354 4236 καὶ
1410 4186 1490 4249 είς
1519 4186 1618 4255 τὴν
1663 4187 2038 4257 εὐχαριστίαν.

520 4265 617 4333 ξθ’.
649 4269 819 4337 Φησὶν
844 4272 873 4323 6
903 4272 1107 4343 Φαραὼ
1141 4276 1399 4332 ίκετεύων
1422 4294 1436 4310 ·
1472 4298 1490 4330 ι
1519 4278 1831 4350 Περιελέτω
1859 4282 1886 4332 ὁ
1909 4278 2040 4340 θεὸς

446 4355 542 4408 ἀπ’
572 4357 708 4426 ἐμοῦ
765 4359 858 4413 τὸν
909 4361 1146 4418 θάνατον
1197 4365 1408 4434 τοῦτον,
1462 4386 1482 4419 ι
1520 4370 1614 4421 καὶ
1658 4368 2034 4439 εἰσηκούσθη·

443 4446 648 4518 ὁμοίως
677 4450 735 4503 δὲ
785 4452 880 4504 καὶ⁵
905 4455 955 4506 ot
984 4454 1241 4525 δαίμονες
1288 4459 1770 4528 παρακαλέσαντες
1805 4459 1897 4512 τὸν
1923 4460 2040 4515 Κύ-

446 4556 563 4610 ριον
591 4542 677 4595 ἵνα
711 4544 788 4614 μὴ
823 4550 890 4616 τῇ
926 4543 1155 4621 ἀϐύσσῴ
1185 4550 1692 4622 παραπεμφθῶσιν,
1720 4550 1914 4624 ἔτυχον
1941 4551 2034 4609 τοῦ

444 4633 749 4704 αίτήματος
772 4653 785 4666 ·
821 4637 971 4709 πόσῳ
997 4640 1204 4709 μᾶλλον
1233 4640 1727 4709 είσακουσθήσεται
1761 4644 2025 4717 Χριστια-

445 4721 533 4787 νδς
556 4724 866 4797 ἄνθρωπος,
902 4730 1158 4801 δεόμενος
1177 4732 1493 4803 ἐλευθερίας
1521 4737 1706 4804 τυχεῖν
1726 4738 1819 4789 τοῦ
1839 4738 2033 4811 νοητοῦ

445 4816 679 4872 θανάτου
701 4837 716 4886 ;

515 4909 578 4966 o'.
627 4913 685 4967 ὐ
707 4914 901 4985 χρόνον
923 4912 1046 4967 τινὰ
1088 4914 1193 4968 ὑπὸ
1218 4918 1317 4986 τῆς
1356 4915 1505 4982 θείας
1536 4919 1911 4991 φωτιζόμενος
1939 4922 2033 4974 καὶ

442 5001 858 5072 ἀναπαυόμενος
887 5004 1133 5073 χάριτος,
1168 5006 1306 5074 μετά
1337 5006 1393 5061 δὲ
1426 5009 1525 5079 τὴν
1551 5009 1758 5082 ταύτης
1794 5010 2029 5066 ὑποστο-

443 5090 562 5160 λὴν,
628 5092 972 5162 ρεμϐασμοῖς
1030 5095 1396 5164 περιπίπτων,
1456 5102 1551 5154 καὶ
1602 5102 1892 5170 γογγύζων
1941 5103 2031 5159 διὰ

442 5182 620 5249 τοῦτο,
652 5184 750 5238 καὶ
809 5185 883 5253 μὴ
920 5186 1328 5259 ἀνδριζόμενος,
1372 5191 1459 5246 διὰ
1488 5194 1586 5262 τῆς
1622 5194 1834 5257 ἱκεσίας
1868 5196 2036 5272 πάλιν.

440 5275 956 5330 ἐπανακαλέσασθαι
991 5279 1091 5349 τὴν
1142 5283 1412 5353 σωτήριον
1462 5287 1682 5355 ἐκείνην
1748 5286 2026 5356 πληροφο-

445 5365 588 5433 ρίαν,
620 5366 735 5419 ἀλλ⁹
763 5368 1179 5436 ἀποδυσπετῶν,
1208 5373 1390 5442 ὅμοιός
1414 5377 1530 5428 ἐστι
1555 5375 1757 5447 πτωχῷ
1808 5375 2028 5431 λαϐόντι

440 5456 817 5529 ἐλεημοσύνην
847 5462 955 5514 ἀπὸ
984 5463 1079 5516 τοῦ
1111 5465 1399 5532 παλατίου,
1436 5468 1534 5521 καὶ
1561 5468 2027 5539 δυσανασχετοῦν-

439 5564 514 5614 τι,
546 5548 681 5603 διότι
727 5551 828 5605 οὑκ
857 5553 1107 5623 εἰσῆλθεν
1148 5557 1257 5611 ἔσω
1325 5560 1723 5630 συναριστῆσαι
1754 5561 1832 5632 τῷ
1862 5560 2023 5634 βασι-

438 5640 539 5697 λετ.

506 5731 607 5792 οα’.
650 5751 669 5785 ι
706 5735 985 5807 Μακάριοι
1016 5739 1064 5791 οί
1101 5739 1180 5810 μὴ
1229 5741 1430 5804 ἰδόντες
1459 5759 1528 5813 με
1554 5741 1650 5796 καὶ
1692 5745 2022 5801 πιστεύσαν-

434 5838 544 5891 τες,
590 5844 608 5877 ι
638 5825 714 5889 ὡς
756 5826 1018 5898 μακάριοι
1052 5828 1103 5882 οἱ
1160 5829 1283 5884 καθ’
1310 5830 1615 5899 ὑποστολὴν
1648 5833 1748 5906 τῆς
1798 5838 2019 5909 χάριτος

1679 388 2003 452 JOANNIS
2031 391 2454 455 CARPATHII

3582 399 3729 466 1852

2135 519 2213 589 μὴ
2259 518 2610 590 εὑρίσκοντες
2666 518 3016 595 παράκλησιν
3056 522 3117 577 ἐν
3154 522 3399 589 ἑαυτοῖς*
3440 523 3641 595 μᾶλλον
3664 524 3724 577 δὲ

2132 607 2443 679 παράτασιν
2475 608 2765 681 βλέποντες
2794 611 2904 667 τῶν
2935 611 3225 686 θλιϐερῶν,
3260 614 3354 668 καλ⁸
3399 613 3591 676 σκότος
3622 613 3723 685 βα-

2131 702 2222 768 θὺ,
2273 702 2367 756 καλ⁵
2399 702 2476 773 μὴ
2505 702 2982 771 ἀπογινώσκοντες
3008 717 3023 736 ·
3064 704 3203 760 ἀλλά
3229 706 3410 759 πίστει
3441 704 3724 777 ῥωννύμε-

2130 813 2233 861 νοι,
2269 796 2328 848 ἐν
2359 796 2439 868 τῷ
2476 795 2722 867 νομίζειν
2753 798 2886 869 όρᾷν
2913 799 3008 851 τὸν
3043 796 3273 869 ἀόρατον
3302 798 3394 851 καὶ
3422 799 3723 869 καρτερεῖν

2130 888 2418 957 γενναίως.

2202 973 2300 1046 οβ’.
2346 975 2412 1029 Ἡ
2447 975 2591 1029 κατὰ
2621 977 2781 1048 χάριν
2806 977 2943 1031 Θεοῦ
2973 978 3152 1050 καιρῷ
3172 980 3288 1050 ίδίῳ
3317 983 3457 1051 μετά
3486 980 3719 1042 πολλοὺς

2132 1066 2367 1134 ἀγῶνας,
2399 1068 2494 1120 καὶ
2526 1067 2731 1141 λύπην,
2769 1071 2863 1124 καὶ
2886 1070 3100 1142 δάκρυα
3129 1071 3382 1144 διδομένη
3421 1073 3719 1144 οὐρανόθεν

2133 1160 2245 1220 τοῖς
2300 1158 2507 1229 ταύτην
2548 1158 2776 1230 ζητοῦσι
2830 1160 3330 1230 ταπεινοφροσύνη,
3392 1161 3722 1231 ἰσχυροτέρα

2132 1248 2253 1304 καθ’
2290 1251 2599 1321 ὑπερϐολὴν
2625 1252 2717 1304 καὶ
2745 1251 2946 1322 μείζων
2974 1253 3320 1323 ὑπάρχειτῆς
3336 1258 3722 1317 ταπεινῖιεκως

2130 1342 2231 1413 τῆς
2257 1344 2646 1415 ἐπιγινομένης
2665 1348 2779 1409 τοῖς
2799 1346 3228 1401 ἀποπεπτωκόσι
3257 1348 3355 1416 τῆς
3386 1347 3554 1418 ἀρετῆ
3571 1370 3586 1409 ;
3604 1365 3618 1378 ·
3651 1342 3723 1419 ἧς

2130 1434 2181 1486 οἱ
2212 1433 2664 1501 καταξιωθέντες,
2703 1437 2900 1489 τέλειοι
2937 1435 3155 1507 ἀληθῶς
3201 1437 3415 1510 ἀνδρες,
3468 1438 3563 1491 καὶ
3594 1439 3721 1491 ἀνε-

2132 1524 2313 1597 πηρέα
2322 1541 2454 1579 στοι.

2202 1594 2307 1685 δέ’.
2327 1618 2456 1672 Ὅτε
2482 1616 2697 1688 ἀφῆκεν
2718 1617 2747 1669 6
2773 1616 3024 1683 διάϐολος
3047 1617 3137 1673 τδν
3158 1617 3389 1689 Κύριον,
3407 1621 3530 1674 τότε
3555 1617 3720 1693 ἦλθον

2132 1709 2182 1760 οί
2216 1707 2438 1777 ἄγγελοι
2470 1711 2565 1764 καὶ
2596 1708 2884 1780 διηκόνουν
2915 1710 3086 1782 αὑτῷ.
3130 1711 3326 1765 Ἰστέον
3354 1714 3556 1779 τοίνυν,
3611 1716 3719 1781 ὅτι,

2135 1800 2329 1871 ὥσπερ
2364 1802 2426 1854 οὑ
2458 1803 2777 1873 γέγραπται
2832 1803 2892 1856 ἐν
2922 1802 3002 1874 τῷ
3054 1805 3412 1875 πειράζεσθαι
3444 1806 3606 1859 αὑτὸν
3636 1807 3723 1863 ὅτι

2132 1894 2387 1962 παρῆσαν
2407 1894 2458 1946 οἱ
2483 1894 2729 1963 ἄγγελοι,
2751 1895 2895 1950 οὑτω
2929 1895 3026 1950 καὶ
3078 1896 3234 1968 ἡμῶν
3278 1895 3720 1968 πειραζομένων,

2134 1985 2310 2057 καιρῷ
2332 2003 2465 2054 τινι,
2502 1988 2882 2061 ὑποχωροῦσιν
2913 1991 2976 2045 οὑ
3028 1989 3247 2063 μακρὰν
3275 1991 3326 2045 οἱ
3366 1990 3589 2061 ἄγγελοι
3621 1990 3720 2046 τοῦ

2132 2079 2268 2132 Θεοῦ
2291 2098 2303 2110 ·
2343 2075 2463 2134 εἶτα
2495 2084 2634 2152 μετὰ
2659 2082 2760 2153 τὴν
2799 2082 3153 2154 ἀναχώρησιν
3174 2083 3282 2136 τῶν
3318 2083 3723 2154 πειραζόντων,

2134 2170 2385 2240 ἔρχονται
2438 2172 2579 2244 πρὸς
2628 2176 2800 2243 ἡμᾶς,
2854 2175 3231 2241 διακονοῦντες
3287 2176 3409 2231 θεῖα
3445 2179 3724 2248 νοήματα,

2135 2265 2524 2337 στηρίγματα,
2574 2270 2892 2340 φωτισμὸν,
2953 2271 3286 2338 κατάνυξιν,
3343 2276 3720 2347 παρηγορίαν,

2132 2358 2434 2429 ὑπομονὴν,
2471 2357 2811 2430 γλυκασμὸν,
2840 2363 2935 2417 καὶ
2963 2363 3064 2418 ὃσα
3100 2366 3290 2431 σώζει,
3323 2367 3420 2421 καὶ
3456 2368 3726 2440 ἐνισχύει,

2132 2451 2225 2503 καὶ
2256 2450 2559 2503 ἀνακτᾶται
2592 2450 2770 2523 ψυχὴν
2809 2455 3176 2511 κοπιάσασαν.
3210 2457 3447 2530 Εἴρηται
3499 2461 3609 2531 γὰρ
3642 2461 3727 2532 τῷ

2129 2538 2446 2622 Ναθαναὴλ,
2470 2541 2553 2593 ὄτι
2581 2560 2599 2592 ι
2637 2544 2798 2609 ὐᾁει
2843 2546 2969 2609 τοὺς
3023 2548 3292 2615 ἀγγέλους
3326 2550 3726 2614 ἀναϐαίνοντας

2131 2632 2225 2683 καὶ
2250 2631 2677 2695 καταϐαίνοντας
2693 2634 2785 2686 ἐπὶ
2801 2634 2892 2688 τὸν
2910 2636 3035 2690 Υἰὸν
3051 2637 3148 2690 τοῦ
3168 2638 3481 2710 ἀνθρώπου·
3511 2660 3530 2693 ι
3565 2659 3726 2695 τουτ-

2129 2722 2296 2781 ὲστιν.
2330 2722 2426 2775 ἐπὶ
2464 2723 2523 2775 τὸ
2546 2722 2699 2790 γένος
2726 2722 2836 2776 τῶν
2901 2725 3207 2796 ἀνθρώπων
3243 2730 3279 2799 ἡ
3326 2730 3436 2783 τῶν
3475 2732 3727 2801 ἀγγέλων

2128 2812 2376 2865 διακονία
2393 2814 2485 2867 καὶ
2510 2813 2736 2884 βοήθεια
2754 2814 3024 2879 πλουσίως
3040 2818 3431 2890 ἐκχυθήσεται.

2199 2903 2292 2955 οδ¹.
2324 2903 2591 2974 Μέμνησο
2606 2903 2701 2957 τοῦ
2724 2905 3028 2977 ἀρχιερέως
3064 2908 3299 2975 ἐκείνου,
3327 2906 3391 2965 οὗ
3437 2914 3500 2965 ἐκ
3528 2911 3733 2977 δεξιῶν

2130 2991 2341 3065 ἐστάθη
2378 2995 2406 3046 6
2457 2993 2702 3059 διάϐολος
2748 2997 3094 3052 ἀντικεῖσθαι
3143 3000 3293 3072 αὑτῷ
3348 3006 3517 3055 παντὶ
3562 3003 3727 3075 δεξιῷ

2128 3085 2382 3155 νοήματι,
2412 3085 2508 3140 καὶ
2527 3085 2808 3157 λόγῳ,καὶ
2839 3088 3150 3160 πράγματι,
3181 3093 3332 3157 ὅπως
3362 3094 3430 3148 ἀν
3461 3093 3539 3166 μὴ
3570 3094 3733 3167 θαμο

2128 3174 2303 3247 ϐηθῇς
2331 3177 2425 3230 ἐπὶ
2450 3180 2564 3241 τοῖς
2600 3179 3018 3249 συμϐαίνουσιν.

2194 3274 2286 3321 oe’.
2330 3266 2691 3326 Ἐπίστασθαι
2733 3274 3005 3346 προσῆκει
3064 3275 3159 3329 τὸν
3215 3265 3476 3349 μοναχὸν,
3509 3280 3568 3334 τί
3617 3281 3727 3352 μὲν

2127 3358 2368 3432 ὑπάρχει
2398 3363 2677 3429 ἀσθένεια,
2699 3366 2843 3420 κατὰ
2871 3367 2953 3430 τὸ,
2997 3367 3248 3440 Ἐλέησόν
3277 3388 3345 3442 με
3375 3374 3458 3427 ὄτι
3481 3375 3737 3446 ἀσθενής

2126 3453 2277 3522 είμι’
2324 3455 2378 3507 τί
2403 3454 2460 3507 δὲ
2488 3457 2798 3512 ἀποστασία
2853 3460 2963 3514 ἀπὸ
2992 3461 3086 3516 τοῦ
3127 3462 3286 3528 Θεοῦ,
3325 3467 3464 3539 ὅπερ
3498 3469 3726 3542 νόσημά

2123 3545 2240 3598 ἐστι
2269 3545 2348 3617 τῷ
2380 3546 2613 3618 διαϐόλῳ
2643 3550 2739 3603 καὶ
2764 3555 2873 3615 τοῖς
2907 3554 3165 3622 ἀγγέλοις
3194 3556 3385 3613 αὑτοῦ.

2195 3644 2300 3704 ος·’.
2343 3641 2439 3695 ’ον
2467 3644 2670 3711 τρόπον
2698 3644 2790 3697 τὸν
2818 3646 3037 3718 σίδηρον
3059 3650 3419 3724 ἀψηλάφητον
3454 3656 3602 3707 ποιεί
3616 3654 3721 3709 τοῦ

2130 3733 2289 3802 πυρὸς
2315 3734 2349 3804 ἡ
2379 3735 2664 3805 συνάφεια,
2693 3738 2864 3803 οὑτως
2893 3741 2950 3795 αί
2973 3748 3178 3799 πυκναὶ
3214 3750 3515 3820 προσευχαὶ
3540 3752 3722 3822 ἐρρω-

2123 3823 2454 3897 μενέστερον
2485 3830 2974 3898 παρασκευάζουσι
3011 3834 3106 3890 τὸν
3133 3837 3257 3891 νοῦν
3308 3841 3389 3903 εἰς
3422 3840 3515 3894 τὸν
3548 3842 3721 3895 πόλε-

2122 3932 2221 3985 μον
2249 3916 2341 3970 τοῦ
2383 3919 2583 3990 ἐχθροῦ
2604 3936 2619 3951 ⁸
2651 3922 2733 3976 διὸ
2766 3926 2916 3997 πάσῃ
2942 3926 3198 3999 δυνάμει,
3235 3931 3394 3986 δκνον
3445 3934 3578 4004 ἡμῖν
3612 3935 3722 4005 ἐμ-

2118 4010 2291 4059 ποιεῖν
2316 4009 2714 4075 σπουδάζουσιν
2759 4016 2842 4080 είς
2880 4017 2980 4090 τὴν
3012 4020 3113 4090 τῆς
3174 4025 3489 4095 προσευχῆς
3534 4042 3727 4097 προσ-ι

2118 4097 2326 4167 εδρίαν,
2351 4101 2553 4166 εἰδότες
2581 4104 2808 4178 ταύτην,
2834 4109 3049 4164 ὲαυτων
3077 4114 3178 4183 μὲν
3206 4116 3512 4181 ἐπίϐουλον,
3526 4116 3620 4170 τοῦ
3652 4118 3719 4171 δὲ

2116 4188 2208 4241 νοῦ
2239 4190 2584 4263 ὑπέρμαχον.

2186 4280 2283 4344 οἵ.
2331 4286 2658 4354 ’Δπεδέξατο
2685 4292 2849 4347 Δαϐὶδ
2868 4293 2970 4365 τὴν
2998 4299 3314 4369 προθυμίαν
3346 4301 3456 4354 τῶν
3476 4303 3587 4356 ἀπὸ
3610 4305 3713 4371 τῆς

2113 4368 2347 4427 Σικελάκ
2364 4376 2870 4448 συνεξεληλυθότων
2887 4384 3042 4455 αὑτῷ
3068 4387 3161 4439 ἐπὶ
3188 4368 3317 4453 τοὺς
3347 4368 3714 4461 ἀλλοφύλους,

2112 4461 2161 4556 6—!
2192 4464 2284 4556 καὶ
2330 4466 2695 4540 ἀτονήσαντες
2726 4473 3038 4545 ἀπέμειναν
3090 4480 3172 4542 είς
3222 4479 3316 4534 τὸν
3368 4484 3713 4556 χειμάρρουν

2113 4551 2305 4648 Βοσόρ.
2346 4556 2719 4630 ’Δναστρέψας
2769 4565 2880 4635 γὰρ
2930 4567 3068 4638 πρὸς
3119 4569 3321 4635 αὑτοὺς
3541 4551 3710 4648 νίκης

2110 4643 2209 4715 τῆς
2236 4648 2376 4701 κατά
2401 4648 2511 4703 τῶν
2531 4651 2859 4726 Βαρϐάρων,
2901 4659 2996 4712 καὶ
3024 4660 3270 4727 ἀκούσας
3291 4663 3404 4718 τῶν
3436 4643 3713 4734 λεγόντων

2113 4736 2189 4806 μὴ
2235 4738 2346 4791 δεῖν
2371 4738 2595 4812 δοθῆναι
2644 4748 2843 4818 μερίδα
2866 4750 2944 4805 ἐκ
2982 4752 3094 4808 τῶν
3131 4753 3411 4828 λαφύρων,
3452 4761 3565 4822 τοῖς
3593 4759 3715 4813 ἀπὸ

2108 4827 2384 4921 ἐκλύσεως
2425 4835 2772 4894 καθεσθετσιν
2805 4844 2886 4906 είς
2910 4844 3003 4898 τὸν
3035 4827 3397 4921 χειμάρρουν,
3427 4852 3705 4905 κάκείνων

2108 4918 2540 4993 αἰσχυνομένων,
2570 4927 2667 4982 καὶ
2714 4931 2883 5000 μηδὲν
2929 4918 3306 5006 λαλησάντων,
3356 4940 3711 5011 ὑπεραπολο-

2108 5012 2285 5075 γείται
2332 5016 2514 5071 αὑτῶν
2543 5018 2573 5070 6
2629 5024 2998 5092 χρηστότατος
3048 5029 3215 5084 Δαϐὶδ
3257 5029 3457 5099 λέγων,
3480 5033 3565 5087 δτι
3605 5036 3707 5089 ἐπὶ

2108 5101 2216 5198 τῶν
2244 5107 2456 5160 σκευῶν
2492 5109 2870 5185 ἐκαθέσθησαν
2892 5118 3194 5189 τηροῦντες
3215 5139 3228 5152 ·
3252 5123 3444 5196 διόπερ
3472 5127 3568 5181 καὶ
3599 5127 3703 5198 τὴν

2109 5192 2450 5292 {silv-abfer;
2502 5202 2806 5276 ἀπένειμεν
2854 5212 3053 5280 μερίδα
3081 5216 3181 5285 τῆς
3203 5192 3454 5286 δοθείσης
3483 5217 3597 5289 [ισ.
3627 5192 3701 5292 τῇ

2106 5282 2344 5381 δοθείσῃ]
2376 5295 2488 5355 τοῖς
2535 5294 2806 5366 ἀνδρείοις
2860 5303 2957 5354 καὶ
3013 5282 3273 5374 εὑψύχοις
3304 5282 3688 5381 πολεμισταῖςέ

2107 5376 2388 5451 Σκόπησον
2411 5384 2591 5440 τοίνυν
2614 5388 2733 5441 ετπε
2742 5407 2773 5460 ρ
2790 5393 2881 5445 καὶ
2907 5394 3000 5447 ἐπὶ
3022 5397 3254 5466 ἀδελφοῦ
3284 5376 3455 5468 τινος,
3475 5402 3575 5474 τὴν
3595 5405 3700 5473 μὲν

2106 5469 2280 5566 ἀρχὴν
2304 5472 2515 5546 θέρμην
2539 5479 2980 5553 ἐπιδειξαμένου,
3000 5487 3228 5561 ὕστερον
3253 5490 3310 5544 δὲ
3334 5494 3470 5564 πρὸς
3494 5469 3700 5566 μικρὸν

2106 5563 2455 5633 όκλάσαντος,
2491 5570 2661 5644 σκεύη
2688 5574 2788 5644 τῆς
2840 5580 3117 5650 σωτηρίας
3150 5563 3417 5653 νοηθείεν,
3449 5563 3702 5656 ⁴Ιιήπίστις

2105 5657 2200 5752 καὶ
2226 5658 2257 5727 η
2294 5660 2652 5752 μεταμέλεια,
2688 5666 2721 5735 ἡ
2748 5671 3104 5739 ταπείνωσις,
3132 5675 3228 5729 καὶ
3249 5678 3278 5729 6
3310 5678 3591 5750 κλαυθμὸς
3608 5719 3633 5748 ,
3656 5683 3697 5752 ἡ

2104 5744 2350 5839 ὑπομονὴ
2408 5752 2565 5839 καὶὴ
2599 5754 2754 5821 ἐλπὶς
2812 5760 2906 5813 καὶ
2957 5764 2988 5833 ἠ
3044 5767 3420 5839 μακροθυμία,
3471 5744 3565 5825 καὶ
3608 5744 3699 5827 ⁷τά

2104 5835 2230 5907 ἑξῆς
2249 5855 2260 5868 ·
2299 5841 2383 5909 ἐφ’
2407 5836 2482 5899 ὧν
2508 5862 2590 5909 τις
2626 5847 2863 5924 ἀδρανὴς
2898 5852 2989 5908 τὸν
3013 5835 3216 5927 τρόπον
3245 5835 3693 5933 παρακαθεσθεὶς
