4086 6390
426 376 565 440 1855

417 500 636 567 ἕτοιμον
691 496 917 566 εὑρήσει
969 493 1252 558 ναυάγιον.
1305 490 1418 543 Καὶ
1441 487 1522 551 τίς
1569 486 1756 539 λοιπὸν
1789 485 2002 554 ἐλεήσει

417 591 509 643 τὸν
543 589 744 660 ἱλαρῶς
769 582 1202 656 προσεγγίζοντα
1235 581 1312 651 τῷ
1343 581 1597 650 δράκοντι
1629 597 1644 645 ;
1675 577 1850 646 Φεῦγε
1892 578 2002 629 τοί⁶

419 695 513 733 νυν
544 679 671 741 τοὺς
715 675 1079 736 ἀπαιδεύτους
1124 671 1369 742 γλώσσῃ,
1408 672 1502 725 καὶ
1553 671 1679 732 τοὺς
1713 683 2002 739 μαχοσυμ-

417 770 631 834 ϐόλους,
684 769 780 822 καὶ
806 768 931 829 τοὺς
964 765 1406 836 ταραττομένους
1435 765 1547 826 τοῖς
1569 761 1720 824 ὲντὺς
1769 761 1864 814 καὶ
1891 761 2002 822 τοῖς

417 865 574 926 ἐκτὸς
600 864 810 934 μέλεσι.

487 956 598 1012 πθ’.
647 958 742 1019 Τίς
770 959 954 1025 σοφὸς,
987 955 1084 1009 καὶ
1131 954 1368 1017 συνετὸς,
1405 954 1498 1006 καὶ
1526 951 1674 1021 φίλης
1701 949 1838 1003 Θεοῦ
1865 949 2001 1020 κλη-

420 1053 579 1122 θῆναι
611 1048 956 1121 βουλόμενος,
984 1049 1071 1100 ἵνα
1125 1046 1224 1118 τὴν
1257 1046 1435 1117 ψυχὴν
1487 1045 1586 1116 τὴν
1612 1042 1806 1096 ἑαυτοῦ
1838 1059 2002 1096 σπου-

418 1144 558 1216 δάσῃ
609 1140 966 1212 παραστῆσαι
998 1138 1077 1209 τῷ
1114 1138 1305 1207 Κυρίῳ
1335 1138 1616 1206 τοιαύτην,
1669 1136 1789 1188 οἷαν
1835 1132 2002 1200 αὐτὴν

419 1235 612 1289 ἔλαϐεν
638 1234 768 1304 παρ’
793 1231 982 1296 αὑτοῦ,
1014 1231 1287 1301 καθαρὰν,
1317 1230 1412 1282 καὶ
1436 1230 1705 1298 ἄτρωτον,
1745 1228 1838 1280 καὶ
1873 1227 2002 1294 ὃλην

417 1327 742 1399 ἀμώμητον,
775 1326 872 1379 καὶ
897 1325 988 1378 διὰ.
1007 1323 1166 1380 τοῦτο
1184 1321 1505 1392 στεφανωθῇ
1536 1323 1594 1374 ὲν
1615 1323 1726 1385 τοῖς
1751 1321 2002 1388 οὐρανοῖς

418 1422 518 1477 καὶ
550 1420 703 1489 παρά
731 1418 839 1473 τῶν
865 1417 1112 1487 ἀγγέλων
1137 1416 1542 1488 μακαρισθείη;

490 1511 565 1582 ἰ-,’.
597 1514 694 1567 Ἓν
727 1511 880 1583 ῥῆμα
925 1511 1130 1578 ἀγαθὸν
1169 1510 1260 1562 τὸν
1287 1509 1420 1562 ποτὲ
1457 1507 1654 1578 μιαρὸν
1681 1507 1888 1560 ἐκεῖνον
1917 1503 2002 1577 λῃ-

421 1608 576 1676 στὴν,
598 1603 865 1674 καθαρὸν,
900 1602 997 1656 καὶ
1027 1603 1184 1670 ἅγιον
1217 1603 1536 1671 εἰργάσατο,
1566 1601 1662 1653 καὶ
1683 1600 1764 1662 εἰς
1783 1598 1876 1651 τὸν
1906 1614 2004 1650 πα-

419 1699 669 1771 ράδεισον
691 1697 1013 1768 εἰσήνεγκεν
1033 1713 1046 1727 ·
1081 1696 1177 1751 καὶ
1220 1694 1277 1748 ἒν
1309 1697 1461 1766 ῥῆμα
1507 1695 1753 1765 ἀπρεπὲς
1785 1692 2003 1747 ἀπετεί-

419 1808 541 1861 χισε
565 1789 645 1862 τῷ
677 1791 886 1860 Μωῦσῇ
948 1789 1049 1860 τήν
1103 1789 1208 1858 γῆν
1241 1789 1340 1858 τῆς
1386 1788 1744 1856 ἐπαγγελίας.
1775 1788 1867 1858 Μή
1908 1787 2000 1841 οῦν

423 1881 625 1950 μικρὰν
657 1881 811 1934 νόσον
856 1881 956 1952 τήν
1000 1880 1380 1949 γλωσσαλγίαν
1432 1880 1746 1950 νομίσωμεν
1765 1898 1781 1910 θ
1812 1882 1862 1934 οἱ
1891 1881 2000 1951 γὰρ

418 1974 773 2044 φιλολοίδοροι
800 1974 898 2028 καὶ
950 1974 1202 2045 φλύαροι,
1233 1973 1612 2027 ἀποκλείουσιν
1646 1974 1861 2034 ἑαυτοῖς
1901 1974 2002 2042 τὴν

418 2065 702 2136 βασιλείαν
733 2065 840 2119 τῶν
873 2065 1138 2135 οὐρανῶν.
1168 2064 1313 2118 Διότι
1339 2065 1481 2137 ἀνὴρ
1513 2064 1864 2134 γλωσσώδης,
1897 2065 2000 2117 κᾶν

415 2153 651 2209 ἐνταῦθα
668 2154 1034 2226 κατευθυνθῇ,
1057 2154 1172 2208 ἀλλ’
1199 2156 1319 2209 ἐκεῖ
1343 2155 1406 2208 οὑ
1447 2155 1524 2228 μὴ
1565 2155 1959 2226 κατευθυνθείη
1980 2174 1996 2189 ο

414 2233 618 2303 μᾶλλον
645 2232 706 2286 δὲ
760 2233 1070 2304 σκελισθείη
1101 2234 1196 2287 καὶ
1235 2234 1383 2289 κακά
1434 2234 1679 2311 θηρεύσῃ
1727 2237 1891 2291 αὐτὸν
1919 2242 1996 2304 είς

404 2323 724 2394 διαφθοράν.
746 2323 942 2388 Καλῶς
957 2320 1049 2378 οὖν
1070 2324 1223 2394 έλεγε
1241 2327 1406 2394 σοφός
1430 2344 1510 2390 τις
1525 2328 1687 2400 ἀνὴρ,
1710 2330 1791 2383 ὅτι
1813 2335 2000 2400 xpeto-

407 2415 501 2468 σόν
526 2417 674 2468 ἐστιν
709 2417 896 2471 πεσεῖν
922 2416 1030 2470 ἀπὸ
1061 2415 1231 2485 ῦψους
1260 2419 1342 2480 εἰς
1384 2417 1603 2489 ἔδαφος,
1638 2420 1672 2490 ἢ
1701 2422 1810 2474 ἀπὸ
1831 2421 2002 2490 γλώσ-

407 2524 530 2580 σης.
568 2509 897 2564 Πιστευτέον
941 2512 1234 2584 τοιγαροῦν
1295 2514 1540 2586 Ἰακώϐῳ
1577 2515 1656 2586 τῷ
1712 2516 1999 2588 ἀποστόλῳ

403 2599 702 2670 γράφοντιο
732 2618 753 2653 ι
782 2601 965 2655 Ἔστω
996 2603 1104 2665 πᾶς
1127 2601 1417 2675 ἄνθρωπος
1439 2605 1612 2676 ταχὺς
1635 2607 1716 2671 είς
1741 2606 1801 2661 τὸ
1828 2607 1998 2662 ἀκοῦ-

406 2711 520 2760 σαι,
555 2696 650 2749 καὶ
683 2695 886 2764 βραδὺς
915 2699 996 2760 εἰς
1021 2697 1081 2750 τὸ
1103 2697 1363 2769 λαλῆσαι.
1403 2721 1423 2754 ι

476 2792 588 2854 ha’.
625 2789 818 2854 Ὅπως
869 2791 935 2845 ἂν
993 2792 1070 2863 μὴ
1126 2793 1592 2867 μετεωριζώμεθα
1640 2795 2000 2867 ἀπατώμενοι

404 2878 513 2932 ὑπὸ
562 2879 673 2934 τῶν
725 2882 1036 2952 αἰσθήσεων
1091 2885 1222 2953 περὶ
1257 2885 1357 2957 τὴν
1410 2887 1777 2959 ματαιότητα,
1831 2889 1998 2944 καλὸν

403 2973 704 3042 προσέχειν
727 2973 808 3044 τῷ
837 2973 1089 3042 λέγοντι·
1125 2977 1484 3042 Βάδιζε,λαός
1516 2997 1640 3048 μου,
1676 2979 1886 3033 εἴσελθε
1918 2983 1998 3045 εἰς

401 3060 465 3113 τὸ
513 3065 742 3130 ταμεῖον
777 3063 879 3132 τῆς
937 3065 1168 3137 καρδίας
1223 3085 1318 3121 σου
1383 3069 1445 3122 τὸ
1499 3070 1995 3142 ἀποκεκρυμμένον

400 3153 571 3205 παντὶ
601 3153 848 3225 αἰσθητῷ
876 3156 1134 3227 νοήματι,
1169 3158 1228 3211 τὸ
1253 3160 1544 3213 ἀνείδωλον
1566 3161 1746 3238 ὲῃῖνο
1793 3163 1997 3217 ἐνδιαί-

397 3259 574 3312 τημα,
621 3245 682 3297 τὸ
723 3248 1222 3316 καταλαμπόμενον
1264 3253 1331 3318 τῇ
1366 3267 1426 3302 τε
1475 3253 1738 3324 ἀπαθείᾳ,
1783 3253 1878 3307 καὶ
1919 3253 1998 3326 τῷ

399 3335 752 3406 ἔπισκιασμῷ
783 3337 887 3407 τῆς
914 3339 1079 3406 άγίας
1108 3339 1334 3408 χάριτος
1355 3357 1369 3371 ο
1406 3341 1737 3396 ἀπόκλεισον
1773 3344 1872 3412 τὴν
1896 3343 1996 3396 θύ-

401 3442 502 3493 ραν
528 3443 623 3479 σου
647 3429 912 3492 πᾶσιτοίς
935 3431 1260 3499 ὁρωμένοις,
1287 3433 1635 3506 άποκρύὸηθι
1665 3436 1861 3506 μικρὸν
1874 3437 1996 3490 ὅσον

400 3517 550 3582 ὅσον,
591 3519 768 3588 μικρά
797 3521 908 3591 γάρ
931 3523 1050 3574 ἐστι
1097 3525 1252 3578 πᾶσα
1283 3527 1312 3595 ή
1343 3525 1661 3597 ἀνθρωπίνη
1711 3527 1850 3598 ζωή·
1897 3531 1994 3583 καὶ

402 3609 544 3676 μετά
572 3610 734 3664 τοῦτο
769 3613 918 3681 λέγει
947 3629 960 3644 ·
990 3614 1142 3678 Ἕως
1172 3616 1564 3690 ἂνπαρέλθῃή
1584 3620 1722 3690 ὀργὴ
1755 3621 1988 3692 Κυρίου.

398 3700 615 3773 ’Ὠσπερ
658 3703 820 3767 ἄλλος
882 3703 1092 3773 ἔλεγεν,
1146 3707 1252 3771 ’έως
1279 3704 1341 3763 οὗ
1399 3709 1650 3783 παρέλθῃ
1698 3713 1730 3783 ή
1766 3712 1987 3782 ἀνομία.

409 3791 579 3862 Ὀργὴ
609 3793 719 3864 γάρ
745 3795 976 3866 Κυρίου,
1009 3799 1104 3850 καὶ.
1151 3800 1373 3869 ἀνομία,
1428 3801 1568 3871 τάχα
1597 3801 1691 3856 οῦν
1719 3804 1769 3857 οἰ
1799 3801 1991 3873 δαίμο-

396 3896 508 3944 νες,
546 3883 641 3935 καὶ
669 3883 740 3937 τά
785 3885 958 3955 πάθη,
993 3888 1093 3942 καὶ
1147 3889 1218 3944 τὰ
1243 3891 1623 3962 ἁμαρτήματα
1647 3910 1662 3925 ·
1691 3895 1831 3949 καθά
1855 3913 1990 3966 φησι

394 3971 535 4041 πρὸς
560 3972 662 4026 τὸν.
687 3973 822 4029 Θεὸν
847 3979 877 4032 ό
926 3977 1185 4042 Ἡσαΐας*
1214 3999 1232 4032 ι
1284 3981 1414 4036 Ἰδοὺ
1452 3984 1518 4036 σὺ
1563 3983 1864 4057 ὠργίσθης,
1893 3986 1991 4038 καὶ

395 4068 559 4136 ἡμεῖς
585 4070 933 4142 ἡμάρτομεν.
988 4093 1006 4125 ι
1049 4075 1353 4144 Διαφεύγει
1379 4077 1435 4130 δὲ
1459 4076 1558 4148 τὴν
1583 4077 1752 4148 ὀργὴν
1782 4077 1988 4148 ταύτην

391 4157 702 4230 ἄνθρωπος,
731 4163 994 4233 διηνεκῶς
1027 4167 1312 4239 προσέχων
1343 4171 1410 4239 τῇ
1446 4170 1645 4241 καρδίᾳ
1691 4171 1752 4223 ὲν
1815 4186 1990 4241 προσ-

392 4251 550 4318 ευχῇ,
581 4251 677 4302 καὶ
737 4254 890 4317 ὲντδς
948 4257 1202 4323 γενέσθαι
1233 4257 1340 4310 τῶν
1386 4257 1596 4312 ἀδύτων
1644 4256 1966 4327 φιλονεικῶν

400 4357 420 4390 ι
467 4339 741 4397 Ἔλκυσον
767 4345 896 4417 γὰρ,
933 4349 1090 4418 φησὶ,
1131 4349 1326 4418 σοφίαν
1359 4350 1502 4420 ὑπὲρ
1534 4349 1606 4405 τὰ
1653 4350 1921 4402 ὲσὼτατα.
1963 4367 1983 4401 ι

390 4432 537 4485 Διότι
567 4436 718 4488 πᾶσα
749 4438 783 4507 ἡ
815 4437 944 4502 δόξα
982 4431 1085 4509 τῆς
1125 4441 1398 4511 θυγατρὸς
1429 4442 1525 4496 τοῦ
1558 4440 1825 4512 βασιλέως
1851 4440 1988 4496 έσω-

391 4524 505 4576 θεν.
540 4526 735 4580 Κοπιῶ
768 4528 850 4592 δὲ,
879 4529 985 4595 ἕως
1031 4526 1094 4587 οὗ
1145 4533 1376 4587 εἰσέλθω
1424 4535 1506 4596 εἰς
1537 4533 1600 4587 τὸ
1624 4534 1988 4605 άγιαστήριον

389 4615 483 4668 τοῦ
539 4618 698 4685 Θεοῦ,
734 4623 827 4675 καὶ
858 4625 940 4686 εἰς
969 4623 1096 4697 ὅρος
1149 4626 1604 4696 κληρονονομίας,
1655 4627 1842 4696 φησὶν,
1901 4630 1983 4694 εἰς

389 4704 610 4776 ἕτοιμον
659 4715 1106 4783 κατοικητήριον,
1133 4716 1162 4768 ὃ
1208 4716 1582 4784 κατειργάσω,
1609 4715 1804 4788 Κύριε,
1829 4718 1984 4787 ἀγία·

388 4813 528 4867 αμα,
558 4800 588 4853 ὃ
615 4803 920 4871 ἡτοίμασαν
953 4806 1009 4858 αἰ
1036 4806 1220 4876 χεῖρές
1252 4822 1369 4859 σου.

459 4885 566 4955 ιιβν.
610 4889 1025 4961 Ὀ-βουλόμενος
1056 4893 1278 4964 ἀληθῶς
1302 4897 1708 4966 ἀποτάξασθαι,
1755 4897 1850 4953 τὸν
1876 4915 1981 4970 μα-

389 4977 580 5046 κάριον
617 4983 891 5066 μιμείσθω
915 4986 1210 5056 προφήτην
1241 4987 1570 5056 Ἐλισσαῖον,
1609 4989 1778 5062 μηδὲν
1803 4988 1981 5061 ἐαυτῷ

387 5067 810 5142 ἀποληψάμενον
872 5078 1129 5148 πρᾶγμα,
1186 5081 1370 5150 πολλῷ
1400 5083 1498 5137 καὶ
1543 5083 1872 5154 πυριφλεγεί
1901 5081 1979 5156 τῷ

1664 379 1993 440 JOANNIS
2021 379 2437 441 CAHPATHII
2505 377 2515 396 '

3546 379 3682 444 1856

2093 495 2225 565 πρὸς
2245 493 2382 549 Θεὸν
2403 493 2592 565 ἔρωτι.
2628 495 2815 550 Πάντα
2838 494 2933 554 οὖν
2965 499 3034 554 τά
3060 500 3332 570 προσόντα
3365 501 3514 574 αὑτῷ
3561 503 3682 561 διαν-

2089 600 2167 635 νει
2175 583 2331 650 μάτω
2363 587 2477 648 τοῖς
2493 586 2792 655 δεομένοις,
2823 589 2919 642 καὶ
2940 589 3083 643 οῦτω
3101 591 3381 661 βαστάσας
3402 593 3497 647 τὸν
3518 609 3680 646 σταυ-

2089 674 2181 744 ρὸν
2209 675 2420 746 Κυρίου
2442 716 2456 741 ,
2489 681 2556 748 τῇ
2591 680 2849 749 προθέσει
2889 682 3198 751 ἐπειγέσθω
3247 685 3386 755 πρὸς
3426 685 3675 738 ἑκούσιον

2089 767 2340 836 θάνατον,
2392 771 2657 842 πρόξενον
2691 774 2985 845 γενόμενον
3012 777 3110 848 τῆς
3137 778 3357 831 αἰωνίου
3393 776 3676 847 βασιλείας

2089 855 2200 930 [ῖσ.
2237 861 2429 934 ζωῆς]-

2156 954 2263 1018 ιιγθ.
2301 954 2468 1006 Ὅταν
2503 954 2717 1026 φθάσῃς
2743 957 2956 1027 νοῆσαι,
2981 959 3112 1014 ὅτιὸ
3147 960 3479 1032 ’Δμορραῖος
3497 959 3674 1029 ἰσχύει

2086 1043 2145 1094 ὲν
2189 1042 2274 1095 σοὶ
2319 1043 2395 1107 ὡς
2427 1044 2596 1116 δρῦς·
2627 1047 2853 1118 δεήθητι
2902 1049 2996 1104 τοῦ
3029 1051 3236 1122 Κυρίου
3282 1053 3538 1116 ἐκτενῶς,
3587 1057 3674 1110 ἵνα

2086 1131 2297 1206 ξηράνῃ
2325 1133 2415 1188 τὸν
2439 1137 2650 1208 καρπὸν
2676 1139 2842 1193 αὑτοῦ
2866 1141 3240 1213 ὑπεράνωθεν,
3271 1145 3547 1200 τουτέστιν
3574 1147 3676 1215 τὴν

2083 1230 2394 1300 πρακτικήν
2449 1231 2747 1302 ἁμαρτίαν,
2777 1231 2876 1285 καὶ
2930 1232 3032 1296 τάς
3058 1231 3217 1301 ῥίζας
3251 1231 3418 1286 αὑτοῦ
3461 1233 3672 1288 ὑποκά-

2081 1319 2276 1386 τωθεν,
2327 1321 2609 1375 τουτέστιν
2655 1323 2786 1387 τοὺς
2824 1322 3168 1392 ἀκαθάρτους
3218 1323 3542 1392 λογισμοὺς,
3573 1325 3673 1376 καὶ

2085 1411 2173 1466 ἵνα
2193 1411 2364 1484 ἐξάρῃ
2406 1412 2610 1482 Κύριος
2640 1414 3076 1486 τδνἈμορραῖον
3094 1411 3204 1468 ἀπὸ
3229 1413 3525 1482 προσώπου
3551 1428 3672 1467 σου.

2152 1501 2252 1570 ιβ’.
2288 1504 2363 1555 Οὐ
2393 1505 2500 1574 χρὴ
2550 1501 2875 1571 ξενίζεσθαι,
2917 1502 3082 1574 ήνίκα
3106 1502 3178 1558 ἂν
3232 1502 3469 1574 βλέπητε
3501 1519 3672 1556 κατα-

2082 1595 2358 1663 γελῶντας
2382 1595 2482 1664 τῆς
2511 1595 2746 1666 ἡσυχίας
2786 1594 2969 1666 ἡμῶν,
3027 1595 3156 1658 τοὺς
3217 1594 3294 1665 μὴ
3333 1593 3672 1663 δυναμένους

2082 1687 2398 1759 ἡσυχάζειν,
2427 1687 2628 1757 μᾶλλον
2655 1687 2712 1740 δὲ
2741 1686 3118 1757 καταψάλλετε
3146 1685 3351 1752 αὐτῶν,
3379 1684 3456 1756 μή
3484 1685 3673 1755 μέντοι

2085 1778 2573 1849 μνησικακοῦντες.
2598 1778 2706 1832 Καὶ
2739 1779 2838 1849 τὴν
2867 1779 3006 1850 πρὸς
3033 1777 3168 1832 Θεὸν
3189 1778 3472 1847 ὑποταγὴν
3516 1777 3672 1845 ὑμῶν

2084 1869 2454 1940 σφοδροτέραν
2513 1870 2879 1940 άντιστήσατε
2942 1869 3150 1936 αὐτοῖς,
3207 1869 3444 1941 βοῶντες
3507 1870 3566 1922 ἐν
3592 1867 3672 1936 τῷ

2085 1961 2295 2032 ὑμνεῖν·
2334 1960 2481 2032 Πλὴν
2509 1961 2590 2032 τῷ
2611 1961 2730 2031 Θεῷ
2763 1962 3098 2034 ὑποτάγηθι,
3133 1964 3168 2033 ή
3204 1962 3351 2034 ψυχή
3381 1979 3485 2032 μου
3507 1977 3520 1991 ·
3548 1962 3673 2014 ἀντὶ

2083 2052 2193 2125 γάρ
2221 2052 2316 2104 τοῦ
2349 2052 2570 2122 ἀγαπᾷν
2599 2069 2690 2121 με,
2741 2052 3086 2107 ένδιέσαλλόν
3117 2071 3208 2124 με,
3242 2051 3354 2122 ἐγὼ
3410 2053 3466 2106 δὲ
3495 2069 3672 2122 προσ·

2083 2145 2355 2216 ηυχόμην,
2388 2144 2528 2216 ὑπὲρ
2559 2145 2657 2215 τῆς
2680 2146 2919 2216 ἐμαυτοῦ
2945 2161 3005 2199 τε
3062 2147 3157 2199 καὶ
3203 2145 3302 2215 τῆς
3331 2143 3559 2198 ἐκείνων
3594 2144 3672 2198 ἰά-

2083 2253 2245 2300 σεως.

2156 2333 2253 2397 ιιεθ.
2291 2329 2384 2399 Μή
2429 2327 2763 2394 πνεύσαντος
2784 2330 2846 2385 έν
2881 2335 2950 2402 τῇ
2981 2329 3234 2402 θαλάσσῃ
3255 2328 3465 2399 ἀνέμου
3499 2327 3673 2400 σκλη-

2084 2421 2202 2492 ροῦ,
2264 2420 2364 2474 οὐκ
2389 2419 2455 2474 ἂν
2480 2421 2676 2491 φανείη
2725 2420 2898 2492 κῦμα,
2952 2423 3049 2476 καὶ
3101 2422 3177 2493 μὴ
3227 2421 3673 2492 ἐπιδημήσαντος

2080 2516 2212 2585 ἡμῖν
2236 2512 2511 2584 δαίμονος,
2537 2513 2599 2566 ού
2625 2513 2701 2585 μὴ
2725 2513 2995 2586 χειμασθῇ
3031 2513 3262 2569 πάθεσιν
3289 2513 3526 2587 ή--ψυχὴ,
3543 2511 3671 2567 οὔτε

2079 2607 2141 2661 τὸ
2163 2607 2345 2677 σῶμα.

2151 2698 2264 2766 ις’.
2304 2700 2432 2754 Ἐάν
2482 2699 2750 2771 θερμαίνῃ
2784 2699 2873 2752 ἀεὶ
2899 2701 2966 2770 τῇ
2993 2700 3292 2771 προσευχῇ,
3333 2698 3428 2752 καὶ
3453 2699 3519 2769 τῇ
3549 2696 3674 2769 θεία

2083 2793 2289 2864 χάριτι,
2314 2795 2450 2863 φησί
2478 2793 2618 2863 πρὸς
2651 2792 2710 2845 σὲ
2739 2795 2772 2862 ή
2799 2790 2921 2845 θεία
2951 2791 3145 2861 Γραφὴ
3177 2790 3254 2854 ὡς
3276 2791 3416 2862 πρὸς
3459 2789 3671 2844 ἐνδεδυ-

2089 2885 2246 2954 μένον
2275 2884 2346 2938 τά
2361 2884 2503 2939 ὅπλα
2539 2883 2633 2937 τοῦ
2660 2884 2860 2950 φωτὸς,
2909 2883 3004 2937 σοῦ
3035 2884 3093 2938 δὲ
3121 2886 3156 2954 ἡ
3187 2883 3349 2953 στολὴ
3379 2882 3578 2952 θερμή.
3604 2880 3673 2934 Ol

2087 2973 2196 3043 γὰρ
2225 2973 2412 3044 ἐχθροί
2444 2989 2539 3026 σου
2571 2971 2828 3042 καθάπερ
2874 2971 3123 3026 διπλοΐδα
3155 2969 3424 3041 αἰσχύνην
3450 2968 3678 3040 περιδέ-

2084 3066 2332 3136 6ληνται,
2358 3065 2454 3118 καὶ
2481 3065 2585 3135 τήν
2607 3065 3015 3136 ταρταρότητα.

2155 3157 2260 3224 ιιξν.
2303 3157 2544 3226 Μνήμην
2592 3156 2889 3226 λαμϐάνων
2913 3157 3023 3211 τῶν
3050 3155 3519 3228 παραπτωμάτων
3553 3171 3674 3218 σου,

2085 3249 2160 3319 μὴ
2199 3249 2348 3302 ὄκνει
2413 3247 2640 3302 τύπτειν
2688 3249 2753 3301 τὸ
2788 3249 3006 3320 στῆθος,
3063 3250 3213 3314 ὅπως
3245 3252 3366 3312 ταῖς
3393 3246 3676 3307 τοιαύταις

2083 3341 2318 3410 πληγαῖς
2381 3340 2698 3412 λατομήσῃς
2756 3341 2857 3413 τὴν
2893 3342 3254 3411 πωρωθείσαν
3298 3339 3551 3412 καρδίαν,
3580 3339 3678 3392 καὶ

2082 3432 2249 3502 εὕρῃς
2279 3432 2339 3485 τὸ
2371 3433 2636 3502 μέταλλον
2691 3433 2786 3488 τοῦ
2843 3434 3142 3489 τελωνικοῦ
3165 3434 3419 3506 χρυσίου,
3446 3432 3544 3486 καὶ
3571 3449 3674 3502 χα-

2086 3525 2208 3595 ρίσῃ
2235 3525 2376 3579 πάνυ
2409 3525 2502 3578 έπί
2525 3525 2744 3596 πλούτῳ
2769 3527 3010 3597 κρυφίῳ.

2153 3621 2260 3686 1-ιηί
2309 3615 2428 3688 Ιιῢρ
2466 3617 2575 3670 τῶν
2597 3620 2733 3687 πρὸς
2766 3621 2834 3672 τά
2861 3620 3146 3690 κρείττονα
3171 3618 3360 3682 λιτῶν,
3391 3621 3493 3689 τῆς
3513 3617 3679 3685 ἀγίας

2084 3705 2319 3778 μελέτης
2379 3707 2487 3760 τῶν
2537 3709 2734 3776 λογίων
2775 3709 2872 3763 τοῦ
2905 3709 3246 3779 Πνεύματος.
3276 3709 3536 3780 καυθήτω
3561 3708 3681 3762 δια-

2081 3798 2284 3862 παντὸς
2317 3799 2411 3852 ἐπὶ
2439 3799 2502 3852 τὸ
2531 3799 2921 3871 θυσιαστήριον
2948 3801 3049 3870 τῆς
3086 3801 3265 3872 ψυχῆς
3298 3819 3416 3856 σου.

2152 3889 2259 3956 ιιθν.
2319 3889 2446 3944 Ἐἀν
2487 3890 2576 3943 ἀεὶ
2618 3891 2924 3965 σπουδάζῃς
2956 3891 3310 3945 ὑποδεδέσθαι
3347 3892 3472 3954 τοὺς
3507 3891 3675 3955 πόδας

2082 3982 2140 4032 ὲν
2165 3983 2232 4050 τῇ
2259 3981 2554 4052 ἑτοιμασίᾳ
2580 3981 2674 4035 τοῦ
2708 3982 3040 4052 Εὑαγγελίου
3074 3983 3174 4053 τῆς
3197 3985 3443 4054 εἰρήνης,
3467 3981 3677 4036 οἰκοδο-

2086 4073 2282 4143 μήσεις
2328 4068 2548 4137 πάντως
2589 4077 2684 4128 καὶ
2731 4075 2824 4129 τὸν
2881 4073 3112 4128 σεαυτοῦ
3163 4068 3312 4129 οἷκον
3341 4076 3435 4130 καὶ
3464 4075 3554 4128 τὸν
3578 4073 3676 4127 τοῦ

2083 4163 2312 4232 πλησίον
2342 4181 2436 4218 σου
2457 4182 2470 4195 ο
2500 4165 2597 4218 ὲάν
2623 4164 2680 4219 δὲ
2713 4167 3061 4239 ρᾳθυμήσῃς,
3105 4167 3468 4236 ὲμπτυσθήσῃ
3506 4165 3674 4237 ἀορά-

2083 4271 2211 4318 τως,
2269 4257 2362 4308 καὶ
2421 4257 2565 4310 κατά
2606 4256 2700 4309 τὸν
2749 4257 2914 4327 νόμον
2958 4258 3395 4329 κληρονομήσεις
3417 4257 3480 4310 τὸ
3502 4257 3679 4328 ὄνομα

2083 4345 2177 4397 τοῦ
2218 4345 2636 4414 ύπολυσαμένου
2675 4345 2736 4398 τὸ
2761 4346 3042 4416 ὑπόδημα.

2160 4435 2225 4505 ρ’.
2247 4435 2334 4501 Εἰ,
2361 4436 2504 4489 κατά
2537 4436 2628 4488 τὸν
2669 4437 2947 4506 Ἰωάννην,
2976 4437 3004 4488 ὁ
3033 4436 3167 4500 Θεὸς
3205 4438 3395 4508 ἀγαπη
3452 4437 3615 4501 ἐστὶν,
3649 4436 3678 4488 δ

2083 4527 2314 4593 ἀγαπῶν
2356 4529 2414 4578 ὲν
2463 4526 2540 4598 τῷ
2570 4527 2688 4597 Θεῷ
2736 4527 2914 4597 μένει,
2990 4528 3083 4580 καὶ
3110 4530 3140 4581 ό
3169 4528 3301 4590 Θεὸς
3351 4531 3408 4580 ὲν
3444 4527 3683 4597 αύτῷ·ὁ

2084 4616 2139 4668 δὲ
2175 4618 2350 4687 μισῶν
2397 4618 2487 4670 τὸν
2519 4619 2773 4688 πλησίον,
2810 4620 2868 4672 ὲν
2899 4621 2968 4690 τῇ
2994 4619 3093 4690 τῆς
3127 4619 3349 4688 ἀγάπης
3380 4617 3676 4683 διαζεύξει,

2084 4709 2243 4779 δῆλον
2306 4711 2388 4763 ὅτι
2436 4709 2497 4762 τὸ
2529 4711 2685 4780 μῖσος
2742 4711 3056 4780 ύφίστησιν.
3093 4712 3152 4765 '0
3184 4712 3359 4782 μισῶν
3417 4710 3525 4782 ἀρα
3583 4711 3680 4764 τὸν

2084 4801 2345 4871 ὁμογενῆ,
2373 4803 2431 4854 ἑν
2464 4804 2530 4873 τῇ
2556 4803 2665 4856 ἀπὸ
2714 4803 2849 4856 Θεοῦ
2901 4805 3142 4875 ὑπάρχει
3163 4806 3444 4860 διαστάσει
3465 4821 3478 4834 ·
3519 4805 3679 4873 εἰπερ

2082 4895 2110 4946 ὁ
2151 4893 2284 4958 Θεὸς
2343 4895 2533 4968 ἀγάπη
2592 4897 2732 4962 ἐστὶ,
2786 4896 2881 4950 καὶ
2908 4899 2936 4950 ὁ
2960 4898 3137 4969 μένων
3175 4901 3234 4952 έν
3277 4900 3345 4969 τῇ
3380 4898 3594 4969 ἀγάπῃ,
3618 4899 3678 4950 ὲν

2081 4983 2161 5054 τῷ
2183 4984 2303 5056 Θεῷ
2336 4987 2511 5057 μένει,
2564 4987 2662 5042 καὶ
2693 4989 2721 5040 ό
2748 4988 2881 5053 Θεὸς
2911 4989 2970 5042 ὲν
2993 4989 3146 5061 αὑτῷ
3165 5005 3177 5018 ·
3203 4982 3298 5060 ᾧή
3322 4986 3451 5055 δόξα
3489 4992 3582 5043 καὶ
3615 4989 3682 5042 τὸ

2084 5075 2284 5147 κράτος
2312 5078 2394 5143 εἰς
2415 5078 2541 5143 τοὺς
2568 5079 2795 5144 αἰῶνας.
2837 5081 3032 5152 ’Δμήν.
