4086 6284
452 285 593 352 1859

459 420 726 493 ἐσχάτων,
759 415 853 470 καὶ
879 415 961 479 είς
982 413 1082 484 τὴν
1108 412 1221 466 ἀνω
1256 408 1535 481 βασιλείαν
1563 393 1765 471 εἰσάξω
1796 422 1877 459 σε.
1911 404 2046 458 Τότε

458 510 568 581 γάρ
597 508 942 578 σκιρτήσετε,
981 505 1031 557 οί
1063 501 1315 557 ταπεινοὶ
1379 500 1635 570 μοναχοὶ,
1666 494 1919 566 καθάπερ
1949 509 2049 562 μοι

462 601 663 671 σχάρια
711 596 1051 652 ἀπολυθέντα
1112 594 1221 647 τῶν
1266 594 1501 663 δεσμιίν,
1533 590 1721 643 παθῶν
1745 604 1802 642 τε
1825 586 2045 658 σαρκὸς,

460 693 556 746 καὶ
576 688 903 762 πειρασμῶν
930 688 1039 741 τῶν
1065 685 1302 757 ἐχθρῶν.
1336 685 1446 737 Καὶ
1472 683 1593 737 τότε
1623 681 2047 748 καταπατήσετε

458 787 589 848 τοὺς
647 784 885 854 ἀνόμους
942 781 1227 850 δαίμονας,
1289 780 1415 841 τοὺς
1447 778 1542 832 νῦν
1563 773 2045 833 καταπατοῦντας·
2075 773 2101 781 ”

464 880 561 931 καὶ
590 876 805 930 ἔσονται
832 874 1026 937 σποδὸς
1071 872 1335 927 ὑποκάτω
1360 872 1470 923 τῶν
1494 868 1666 923 ποδῶν
1697 866 1873 939 ὑμῶν.
1921 863 2049 917 Ἐὰν

465 968 579 1039 7&9
630 964 890 1036 θεοσεϐὴς
920 966 1013 1019 καὶ
1039 962 1418 1032 ταπεινόφρων
1443 961 1715 1030 ὑπάρχῃς,
1759 957 1835 1029 μὴ
1878 958 2051 1028 ὑπερ-

464 1060 756 1132 αιρόμενος
777 1058 857 1129 τῷ
906 1058 1123 1129 ματαίῳ
1151 1057 1303 1127 ὄγκῳ
1327 1095 1343 1120 ,
1379 1056 1519 1127 μήτε
1555 1040 2049 1125 προπετευόμένος,

463 1150 603 1204 ἀλλά
653 1149 1129 1217 κατανενυγμένος
1177 1149 1242 1218 τῇ
1281 1146 1500 1218 καρδίᾳ,
1559 1148 1652 1200 καὶ
1703 1145 2052 1216 λογιζόμενος

469 1240 662 1294 έαυτὸν
706 1240 926 1310 ἀχρεῖον
953 1237 1140 1292 δοῦλον
1170 1234 1331 1305 εἶναι,
1368 1238 1464 1292 καὶ
1488 1238 1949 1310 συντετριμμένος
1972 1237 2051 1309 τῷ

467 1330 740 1400 πνεύματι
770 1346 783 1361 ο
836 1331 933 1385 ἐὰν
982 1329 1229 1394 τοιοῦτος
1296 1331 1682 1401 ταπεινόφρων
1746 1331 2003 1404 ὑπάρχεις
2031 1370 2048 1395 .

465 1424 844 1495 διαφορωτέρα
880 1423 1032 1478 έστὶν
1080 1424 1115 1495 ή
1157 1422 1267 1495 σὴ,
1317 1416 1364 1477 ὦ
1418 1423 1638 1494 μοναχὲ,
1679 1423 2048 1493 πλημμέλεια,

467 1515 568 1585 τῆς
600 1515 949 1587 δικαιοσύνης
989 1515 1101 1570 τῶν
1149 1517 1453 1587 κοσμικῶν,
1507 1517 1602 1570 καὶ
1651 1517 2053 1588 ἀναγκαιότερα

468 1610 537 1661 τα
569 1609 638 1662 σά
671 1608 843 1679 ρύπη,
877 1610 977 1679 τῆς
1007 1608 1119 1662 τῶν
1141 1607 1411 1680 βιωτικῶν
1438 1608 1682 1679 μεγάλης
1708 1608 2048 1680 καθάρσεως.

472 1699 537 1752 Τί
575 1700 685 1772 γάρ
736 1703 886 1754 ἐστιν
924 1700 992 1754 δι’
1022 1700 1050 1753 δ
1082 1699 1307 1771 eum;
1365 1701 1585 1764 πάντως
1635 1700 1826 1771 μῶμος
1874 1701 2052 1773 ὑπάρ-

468 1810 555 1863 χει
584 1793 895 1864 έπισυμϐάς
916 1809 930 1823 ο
973 1792 1113 1845 ἀλλά
1173 1792 1341 1862 βλέπε
1372 1792 1493 1846 τινὰ
1531 1792 1816 1865 ἄνθρωπον
1841 1810 2050 1847 πισσω-

472 1885 636 1941 θέντα
698 1886 797 1949 τάς
843 1887 1052 1957 χεῖρας,
1075 1884 1143 1939 δι’
1172 1884 1358 1952 ὀλίγου
1411 1884 1592 1939 ἐλαίου
1626 1884 2048 1954 καθαρισθέντα.

470 1974 660 2045 Πολλῷ
703 1974 798 2029 οὖν
848 1975 1050 2045 μᾶλλον
1109 1975 1175 2029 σὺ
1227 1974 1458 2029 δύνασαι
1506 1974 1911 2046 καθαρισθῆναι
1972 1976 2052 2049 τῷ

470 2062 613 2116 ἐλέει
640 2063 735 2117 τοῦ
787 2064 946 2120 Θεοῦ.
976 2065 1187 2135 ’Ὠσπερ
1236 2065 1345 2135 γάρ
1386 2082 1468 2119 σοι
1497 2066 1597 2119 οὐκ
1652 2068 1767 2120 εστι
1793 2067 2052 2122 δύσκολον

470 2153 671 2209 πλῦναί
715 2171 810 2210 σου
845 2156 906 2210 τὸ
937 2156 1170 2228 ίμάτιον,
1197 2156 1370 2222 οὑτως
1399 2159 1534 2213 πολὺ
1590 2160 1792 2228 μᾶλλον
1811 2162 1912 2214 οὑκ
1931 2162 2047 2216 εστι

470 2248 728 2321 δυσχερὲς
756 2248 836 2319 τῷ
868 2250 1059 2322 Κυρίῳ
1094 2250 1293 2305 πλῦναί
1331 2268 1393 2304 σε
1432 2251 1542 2306 άπὸ
1584 2252 1784 2316 παντὸς
1837 2253 2051 2325 μώμου,

472 2339 577 2395 κᾶν
610 2340 732 2395 καθ’
768 2342 1028 2413 ἑκάστην,
1062 2342 1139 2407 ὡς
1176 2344 1344 2410 εἰκὸς,
1393 2344 1680 2415 ἐγγίνηται
1711 2345 1769 2413 ἐξ
1807 2346 2051 2417 ἀνάγκης

473 2437 803 2510 πειρασμός.
841 2438 932 2491 Ἑν
949 2438 1057 2509 γὰρ
1087 2438 1163 2509 τῷ
1193 2438 1374 2508 λέγειν
1406 2456 1488 2506 σε,
1518 2439 1812 2511 ’Ἥμαρτον
1831 2440 1908 2511 τῷ
1938 2441 2053 2495 Κυ-

476 2530 601 2600 ρίῳ,
628 2530 922 2601 ἀπόκρισις
944 2530 1169 2594 δίδοται,
1207 2530 1516 2601 Ἀφέωνταί
1542 2547 1635 2584 σου
1660 2531 1718 2586 αἱ
1750 2532 2011 2603 ἁμαρτίαι
2036 2548 2051 2563 ·

474 2619 588 2689 έγὼ
640 2621 757 2690 εἰμὶ
781 2621 810 2673 ό
852 2621 1155 2691 έξαλείφων
1185 2661 1201 2685 ,
1257 2622 1354 2676 καὶ
1390 2623 1451 2676 οὑ
1490 2623 1565 2693 μὴ
1615 2622 1862 2693 μνησθῶ.
1917 2622 2054 2677 Καθ’

473 2711 600 2766 ὅσον
628 2712 738 2781 γὰρ
759 2712 1056 2784 ἀπέχουσιν
1084 2714 1343 2768 ἀνατολαὶ
1369 2713 1479 2767 ἀπό
1506 2713 1747 2785 δυσμῶν,
1770 2716 2057 2786 ὲμάκρυνα

473 2804 584 2859 ἀπὸ
619 2804 713 2857 σοῦ
766 2803 868 2869 τὰς
912 2806 1190 2877 ἁμαρτίας
1231 2822 1325 2860 σου
1360 2821 1374 2836 ·
1415 2807 1511 2862 καὶ
1553 2806 1739 2871 καθὼς
1795 2808 2057 2879 οίκτείρει

475 2897 662 2969 πατὴρ
709 2899 882 2962 υἱοὺς,
931 2898 1043 2966 ἐγὼ
1093 2899 1460 2970 κατοικτείρω
1500 2916 1585 2956 σε.
1647 2900 1828 2956 Μόνον
1886 2904 1951 2957 σὺ
1980 2902 2057 2974 μὴ

475 2994 720 3064 ἀποστῇς
776 2993 911 3063 μηδὲ
973 2992 1340 3064 ἀποπηδήσης
1370 2991 1467 3046 τοῦ
1497 2990 1862 3065 έκλεξαμένου
1891 3009 1952 3047 σε
1977 2997 2059 3057 εἰς

475 3086 537 3137 το
562 3082 788 3153 ψάλλειν
836 3084 934 3138 καὶ
988 3084 1268 3155 εὔχεσθαι,
1304 3086 1445 3141 άλλά
1477 3085 1770 3158 κολλήθητι
1815 3086 1968 3157 αὑτῷ
1998 3089 2059 3142 έν

476 3176 626 3246 πάσῃ
661 3179 725 3246 τῇ
754 3178 867 3248 ζωῇ
896 3194 1013 3241 σου,
1038 3177 1149 3231 εἴτε
1178 3176 1268 3231 δια
1294 3178 1612 3249 παρρησίας
1645 3178 1923 3251 καθαρᾶς,
1946 3180 2061 3234 εἴτε

473 3268 546 3324 δι’
564 3270 952 3340 ἀναισχυντίας
967 3269 1278 3336 θεοσεϐοῦς,
1311 3272 1407 3324 καὶ
1433 3271 1671 3343 στερρᾶς
1693 3270 1845 3343 αὐτῷ
1867 3271 2061 3343 6509.0-

475 3359 777 3429 λογήσεως,
808 3363 905 3414 καὶ
939 3360 1105 3423 αὑτός
1135 3376 1197 3413 σε
1231 3361 1524 3433 καθαρίζει
1555 3361 1635 3433 τῷ
1666 3362 1782 3434 ίδίῳ
1803 3364 2058 3436 νεύματι.

484 3451 553 3503 Ἀ
576 3451 685 3522 7&9
720 3452 748 3502 6
770 3451 901 3515 Θεὸς
935 3453 1003 3523 τῇ
1031 3450 1226 3505 ἑαυτοῦ
1270 3452 1525 3524 βουλήσει
1570 3453 1882 3528 καθαρίζει,
1939 3456 2061 3510 οὐδὲ

480 3540 644 3604 αὑτὸς
702 3540 910 3612 Πέτρος
946 3544 975 3596 6
1013 3542 1187 3612 μέγας
1234 3543 1535 3610 ἀπόστολος
1596 3548 1856 3602 κοινῶσαι
1901 3547 2064 3620 δυνή-

472 3648 655 3725 ρεται,
685 3632 718 3704 ἢ
740 3632 1220 3725 καταδικάσασθαι
1279 3635 1371 3707 [ἐν
1561 3635 1935 3711 κατακρίναι].
1965 3639 2058 3693 Ero

485 3740 648 3793 ρηται
689 3724 801 3794 γὰρ
838 3723 976 3794 πρὸς
1006 3725 1192 3789 αὑτὸν,
1229 3725 1296 3779 ’Δ
1327 3726 1357 3777 6
1376 3723 1512 3789 Θεὸς
1538 3725 1855 3798 ὲκαθάρισε,
1881 3728 1946 3781 σὺ
1984 3727 2061 3799 μὴ

479 3813 684 3867 κοίνου.
724 3813 786 3866 Εἰ
828 3813 930 3885 γάρ
959 3813 988 3867 ό
1015 3814 1151 3878 Θεός
1197 3815 1344 3869 ἐστιν
1373 3816 1402 3868 6
1427 3816 1494 3886 τῇ
1523 3815 1701 3887 οἰκείᾳ
1749 3815 2061 3888 φιλανθρω-

479 3907 583 3978 πίᾳ
613 3904 910 3968 δικαιώσας
942 3908 1114 3977 ἡμᾶς,
1151 3907 1234 3970 τίς
1266 3906 1420 3960 ἔσται
1457 3909 1486 3961 6
1507 3907 1853 3979 κατακρίνων
1880 3908 2061 3978 ήμάς;

478 3999 930 4070 ἐπικαλουμένων
987 4002 1098 4072 γάρ
1163 4000 1322 4072 ήμῶν
1366 4000 1429 4054 τὸ
1475 3999 1673 4068 ὄνομα.
1701 4000 1797 4054 τοῦ
1850 4001 2058 4071 Κυρίου

479 4089 638 4160 ἡμῶν
682 4088 860 4159 Ἰησοῦ
906 4089 1165 4161 Χριστοῦ,
1202 4089 1459 4161 εὐμαρῶς
1492 4089 1907 4161 καθαρίζεταιή
1937 4106 2062 4142 συν-

479 4181 686 4252 είδησις
727 4182 887 4251 ήμῶν
910 4199 921 4212 α
960 4184 1055 4235 καὶ
1095 4182 1248 4236 οὐδὲν
1299 4182 1569 4253 διακρίνει
1603 4184 1878 4253 ἀναμέσον
1904 4183 2063 4253 ήμῶν

478 4290 565 4338 τε,
600 4274 695 4327 καὶ
742 4273 1061 4343 προφητῶν,
1099 4275 1196 4327 καὶ
1243 4274 1354 4327 τῶν
1387 4274 1566 4329 ἀλλων
1607 4275 1803 4342 ἀγίων.
1847 4277 1925 4330 Οὑ
1953 4277 2061 4348 γάρ

482 4363 637 4419 ἱθετο
675 4365 824 4435 ἡμᾶς
861 4366 890 4419 6
916 4364 1051 4428 Θεὸς
1100 4367 1180 4427 είς
1211 4363 1400 4435 ὀργὴν,
1458 4364 1572 4417 ἀλλ’
1603 4366 1685 4429 εἰς
1709 4367 2063 4437 περιποίησιν

480 4456 569 4510 διὰ
615 4456 711 4509 τοῦ
761 4455 969 4529 Κυρίου
1019 4455 1178 4527 ήμῶν
1224 4456 1398 4527 Ἰησοῦ
1447 4455 1688 4528 Χριστοῦ
1717 4456 1811 4510 τοῦ
1858 4458 2066 4515 ἀποθα-

482 4547 664 4611 νόντος
686 4546 830 4617 ὑπὲρ
861 4549 894 4614 ἠ
904 4548 1043 4617 μῶν,
1072 4549 1160 4601 ἵνα
1184 4548 1294 4601 εἴτε
1330 4546 1698 4618 γρηγορῶμεν
1718 4548 1777 4600 ὲν
1814 4548 2059 4619 ἀρεταῖς,

482 4639 595 4694 εἴτε
628 4638 962 4709 καθεύδομεν
995 4639 1139 4693 κατά
1161 4656 1283 4692 τινα
1311 4638 1654 4707 περίστασιν,
1680 4639 1756 4703 ὠς
1782 4642 1948 4705 είκὸς,
2005 4642 2062 4695 εν

482 4746 626 4784 τισιν
664 4729 1063 4799 ἐλαττώμασιν,
1094 4729 1211 4798 ἀμα
1239 4730 1337 4782 σὺν
1364 4728 1589 4799 Χριστῷ
1613 4729 1893 4801 ζήσωμεν,
1922 4734 2059 4806 πρ>,ς

485 4825 648 4879 αὑτὸν
667 4821 1067 4884 ἀναϐλέποντες
1118 4823 1256 4891 μετά
1318 4821 1571 4890 μεγάλων
1618 4824 1941 4893 στεναγμῶν
1968 4828 2063 4880 καὶ

483 4917 881 4989 ἀποδυρόμενοι
905 4914 1363 4977 ἀκαταπαύστως.
1410 4914 1505 4966 καὶ
1551 4915 1715 4967 αὑτὸν
1766 4917 2065 4970 ἀναπνέον-

485 5014 596 5061 τες.
635 4994 1017 5065 Ἐνδυσώμεθα
1057 4990 1149 5048 οὖν
1181 4992 1272 5046 τὸν
1300 4993 1397 5063 τῆς
1428 4993 1665 5058 πίστεως
1684 4992 1931 5063 θώρακα,
1966 4997 2062 5047 καὶ

485 5088 705 5160 σχῶμεν
759 5086 1191 5158 περικεφαλαίαν
1247 5087 1438 5141 ἐλπίδα
1487 5087 1785 5156 σωτηρίας,
1849 5087 1935 5140 ἵνα
1985 5087 2062 5158 μὴ

483 5180 620 5253 εὕρῃ
660 5179 1017 5250 παρείσδυσιν
1038 5180 1106 5233 τά
1132 5179 1258 5250 βέλη
1309 5181 1410 5250 τῆς
1435 5178 1831 5248 ἀπογνώσεως,
1845 5181 1939 5233 καὶ
1963 5182 2060 5251 τῆς

482 5269 857 5332 ἀνελπιστίας.
874 5269 1015 5323 Ἀλλ’
1046 5269 1207 5332 αὑτὸς
1234 5268 1438 5338 λέγεις,
1461 5270 1548 5323 ὅτι
1578 5268 1907 5341 Ὀργίζομαι
1930 5270 2060 5325 ὅταν

486 5357 672 5428 βλέπω
720 5360 886 5431 μηδὲν
935 5357 1367 5430 πειραζομένους
1426 5362 1552 5424 τοὺς
1608 5360 1935 5429 κοσμικοὺς,
1967 5360 2063 5414 καὶ

483 5448 674 5513 δεινῶς
686 5448 1007 5522 διαπρίομαι
1031 5469 1045 5483 ·
1077 5450 1194 5505 ἀλλ’
1220 5450 1349 5515 ἴσθι,
1377 5452 1652 5524 ἀγαπητὲ,
1682 5453 1764 5505 ὅτι
1786 5452 1847 5505 οὑ
1873 5453 2063 5522 χρείαν

486 5539 600 5609 ἔχει
620 5544 648 5594 6
673 5542 918 5607 Σατανᾶς
964 5543 1250 5614 πειράζειν
1303 5546 1431 5610 τοὺς
1458 5546 1946 5616 αὑτοπειράστους,
1968 5548 2065 5601 καὶ

484 5631 577 5686 ἀεὶ
620 5633 701 5695 είς
745 5633 814 5687 τά
863 5635 1041 5706 χαμαὶ
1085 5635 1421 5707 συρομένους
1474 5637 1561 5691 διὰ
1609 5639 1720 5692 τῶν
1791 5638 2064 5707 βιωτικῶν

488 5724 849 5793 πραγμάτων.
896 5725 1136 5781 Γίνωσκε
1166 5726 1224 5781 δὲ
1269 5727 1362 5780 καὶ
1413 5727 1592 5792 τοῦτο,
1617 5730 1697 5783 ὃτι
1726 5734 1838 5795 τοῖς
1870 5730 2065 5802 πεῖρα-

488 5812 734 5885 ζομένοις
786 5818 853 5870 τὰ
911 5817 1136 5890 βραϐεία
1175 5819 1499 5875 ἀπόκεινται
1556 5824 1648 5876 καὶ
1703 5826 1749 5877 οί
1782 5827 2060 5896 στέφανον

1124 284 1448 348 JOANNIS
1483 284 1903 347 cmmmu
1946 285 2319 348 CAPITULA
2367 284 2464 344 AD
2509 238 2941 346 Alamanos.

3569 276 3709 345 I860

2129 410 2190 461 οὑ
2229 409 2338 480 γὰρ
2389 412 2500 471 τοῖς
2533 410 2610 479 μὴ
2657 409 2964 480 μεριμνῶσι
3023 408 3153 480 περὶ
3211 409 3368 469 6-00.
3424 411 3544 466 οὑδὲ
3596 420 3711 480 τοῖς

2131 501 2339 565 ὑπτίως
2372 504 2643 572 κειμένοις
2667 504 2761 554 καὶ
2791 504 3047 573 ρἐχουσι
3079 507 3384 573 κοσμικοίς,
3403 505 3546 561 Ἀλλ’
3575 509 3708 578 ἐγὼ,

2132 592 2289 661 φησὶ,
2325 592 2493 647 πολλά
2522 593 2661 645 πάνυ
2695 594 3051 664 πειράζομαι,
3086 600 3182 647 καὶ
3216 598 3272 648 αί
3294 598 3552 669 ψόαι-μου
3576 621 3713 673 πιμ-

2134 684 2375 739 πλῶνται
2395 686 2821 755 έμπαιγμάτων,
2852 685 3034 750 καθὼς
3059 687 3208 756 λέγει
3231 692 3259 741 6
3284 691 3597 762 Προφήτης·
3616 697 3714 750 καὶ

2133 773 2497 846 ταλαιπωρία,
2551 777 2647 830 καὶ
2693 776 3073 846 κατάκαμψις,
3125 780 3220 832 καὶ
3279 780 3382 833 οὑκ
3425 782 3555 836 ἐστι’
3589 788 3713 850 ταῖς

2140 867 2332 938 σαρξὶν
2379 867 2541 932 ἴασις,
2599 870 2693 921 καὶ
2742 869 3030 939 ἐπιμέλεια
3058 872 3169 934 τοῖς
3213 872 3447 936 ὀστέοις.
3476 875 3584 929 Καὶ
3605 877 3713 949 μὴν

2134 959 2367 1029 ἐγγύθεν
2387 960 2417 1012 6
2447 960 2621 1029 μέγας
2660 961 2768 1013 τῶν
2804 963 3125 1031 καμνόντων
3149 964 3331 1033 ἰατρὸς
3360 967 3643 1037 πάρεστιν,
3685 972 3714 1024 6

2136 1050 2411 1123 βαστάσας
2438 1051 2537 1116 τάς
2555 1051 2839 1116 ἀσθενείας
2869 1053 3049 1123 ήμῶν,
3072 1054 3166 1106 καὶ
3186 1054 3265 1125 τῷ
3291 1054 3522 1125 μώλωπι
3544 1059 3714 1113 αὑτοῦ

2138 1144 2430 1212 ίασάμενος
2459 1143 2714 1214 ἡμᾶςκαὶ
2744 1142 2999 1215 ἰώμενος.
3025 1145 3265 1216 Πάρεστι
3298 1148 3392 1201 καὶ
3420 1148 3516 1203 νῦν
3542 1153 3718 1205 ἐπιτι-

2116 1235 2248 1297 -θεὶς
2276 1234 2345 1288 τά
2362 1236 2608 1305 σωτήρια
2631 1234 2919 1305 φάρμακα.
2940 1234 3082 1304 Ἐγὼ
3092 1235 3224 1306 7&9.
3259 1241 3447 1309 φησὶν,
3467 1241 3716 1308 ἐπάταξα

2137 1328 2207 1381 δι’
2229 1327 2691 1398 έκγαταλείψεως,
2715 1328 2827 1396 ἐγὼ
2844 1329 2938 1382 καὶ
2957 1329 3203 1401 ἰάσομαι.
3226 1331 3317 1403 Μὴ
3340 1329 3432 1386 οῦν
3448 1335 3714 1407 φοϐηθῇς·

2134 1421 2265 1477 ὅταν
2294 1423 2401 1493 γάρ
2432 1422 2465 1493 ή
2493 1420 2635 1493 ὀργὴ
2655 1421 2749 1477 τοῦ
2786 1422 2962 1493 θυμοῦ
2993 1439 3097 1494 μου
3148 1424 3340 1497 στάξῃ.
3371 1410 3717 1484 πάλινίάσο-

2138 1530 2259 1584 μαι.
2306 1513 2393 1577 Ὠς
2420 1513 2529 1584 γὰρ
2586 1515 2687 1567 οὑκ
2723 1515 3044 1586 ἐπιλήσεται
3103 1518 3242 1589 γυνή
3266 1518 3362 1572 τοῦ
3396 1519 3620 1586 ἐλεῆσαι
3647 1524 3717 1577 τά

2135 1606 2334 1674 ἔγγονα
2380 1607 2481 1679 τῆς
2530 1606 2741 1670 κοιλίας
2795 1608 2989 1678 αὐτῆς,
3046 1608 3221 1673 οὑτως
3239 1610 3364 1663 οὐδὲ
3395 1611 3504 1680 ἐγὼ
3529 1613 3720 1684 ἐπιλήα

2137 1695 2305 1765 σομαί
2334 1712 2452 1760 σου,
2509 1694 2662 1763 λέγει
2704 1695 2929 1767 Κύριος.
2969 1698 3033 1751 El
3081 1698 3191 1769 7&9
3234 1697 3329 1752 τοῦ
3381 1700 3629 1755 πετεινοῦ
3650 1703 3719 1755 τά

2137 1788 2425 1858 σπλάγχνα
2489 1787 2719 1859 κέχυται
2765 1789 2860 1843 ἐπὶ
2906 1792 3034 1854 τοὺς
3092 1793 3346 1855 νεοσσοὺς
3402 1792 3590 1859 αὑτοῦ,
3624 1794 3721 1848 καὶ

2137 1882 2260 1937 καθ’
2280 1881 2431 1953 ὤραν
2460 1882 2853 1936 ἐπισκέπτεται
2890 1882 3111 1949 αὑτοὺς,
3147 1885 3240 1937 καὶ
3273 1888 3589 1956 προσφωνεῖ
3618 1888 3719 1940 αὑο

2134 1977 2270 2039 τοῖς,
2297 1975 2394 2028 καὶ
2432 1974 2640 2046 τροφὴν
2661 1974 2739 2045 τῷ
2760 1974 2993 2041 στόματι
3015 1975 3199 2029 αὑτῶν
3224 1977 3522 2043 ἐπιδίδωσι,
3538 1979 3721 2052 πολλῷ

2141 2066 2344 2135 μᾶλλον
2382 2066 2434 2119 οί
2473 2065 2748 2136 οἰκτιρμοί
2793 2083 2897 2136 μου
2941 2067 3154 2137 χέονται
3206 2069 3301 2121 ἐπὶ
3340 2070 3408 2123 τά
3441 2070 3722 2142 κτίσματά

2142 2175 2266 2230 μου·
2286 2159 2420 2212 πολὺ
2445 2159 2502 2211 δέ
2527 2159 2689 2212 πλέον
2708 2157 2777 2212 τά
2795 2157 2905 2228 ὲμά
2932 2159 3219 2230 σπλάγχνα
3250 2163 3342 2214 ἐπὶ
3362 2163 3421 2216 σὲ
3439 2164 3718 2234 κέχυνται,

2140 2249 2236 2304 καὶ
2276 2248 2683 2319 ὲπισκέπτομαί
2721 2265 2778 2303 σε
2810 2248 3140 2320 λεληθότως,
3170 2251 3266 2305 καὶ
3292 2255 3612 2325 προσομιλῶ
3637 2273 3723 2310 σοι

2139 2343 2283 2397 κατά
2302 2342 2451 2409 νοῦν,
2469 2344 2563 2397 καὶ
2589 2342 2796 2414 τροφὴν
2821 2344 2886 2414 τῇ
2910 2341 3120 2413 διανοίᾳ
3149 2345 3334 2417 ὲνίημι
3356 2348 3619 2419 κεχηνυίσ⁴
3646 2349 3723 2414 ώς

2139 2436 2318 2508 μικρᾷ
2336 2434 2586 2505 χελιδόνι.
2602 2431 2823 2504 Τροφὴν
2853 2432 2964 2504 γάρ
2981 2449 3063 2486 σοι
3079 2435 3300 2506 χορηγῶ
3330 2436 3424 2491 τοῦ
3443 2439 3609 2507 φόϐου
3624 2440 3722 2494 τοῦ

2141 2528 2469 2599 κρείττονος,
2524 2527 2616 2579 καὶ
2648 2526 2856 2598 τροφὴν
2903 2526 3070 2580 πόθου
3106 2530 3453 2600 ἐπουρανίου,
3484 2533 3579 2585 καὶ
3594 2549 3723 2604 τρο-

2141 2621 2246 2694 φήν
2262 2620 2585 2691 στεναγμῶν
2607 2618 2972 2692 παρηγορίας,
2998 2621 3094 2673 καὶ
3113 2620 3322 2692 τροφὴν
3351 2623 3721 2691 κατανύξεως,

2145 2716 2239 2770 καὶ
2252 2713 2458 2786 τροφὴν
2474 2712 2869 2784 μελῳδίας,’καὶ
2899 2712 3105 2784 τροφὴν
3123 2711 3380 2781 γνώσεως
3395 2713 3723 2785 βαθυτέρας,

2144 2808 2238 2862 καὶ
2258 2805 2466 2878 τροφὴν
2484 2804 2645 2858 θείων
2663 2805 2824 2858 τινῶν
2846 2804 3183 2877 μυστηρίων.
3206 2806 3330 2859 Ἐάν
3362 2807 3420 2860 δὲ
3439 2807 3725 2881 ψεύδωμαι

2144 2897 2318 2955 ταῦτα
2337 2897 2514 2951 λαλῶν
2535 2913 2618 2950 σοι
2642 2898 2671 2949 6
2694 2898 2785 2961 σὸς
2808 2898 3105 2966 Δεσπότης,
3130 2899 3225 2950 καὶ
3264 2898 3477 2970 Πατὴρ,
3508 2900 3728 2969 ἕλεγξόν

2150 3007 2263 3063 μοι,
2282 2989 2378 3043 καὶ
2405 2987 2693 3058 ἀνέχομαι.
2719 2985 2905 3040 Ταῦτα
2929 2986 3028 3056 μὲν
3051 2987 3080 3038 6
3114 2985 3318 3057 Κύριος
3345 2988 3478 3056 ἡμῖν
3499 2987 3585 3042 ἀεὶ
3612 2989 3728 3043 δια-

2146 3082 2367 3152 λέγεται
2379 3084 2490 3143 τοῖς
2502 3079 2689 3149 διανοή
2697 3094 2883 3148 μασιν⁹
2907 3076 3023 3146 ἐγὼ
3038 3077 3099 3132 δὲ
3120 3077 3428 3150 ἐπίσταμαι
3448 3080 3533 3134 δτι
3552 3083 3730 3154 ὑπερ-

2147 3176 2283 3244 έϐην
2307 3173 2369 3227 τὺ
2392 3173 2611 3244 μέτρον,
2638 3170 2807 3223 πολλὰ
2834 3170 3089 3241 γράψας⁹
3122 3169 3239 3223 ἀλλ’
3266 3171 3428 3240 ὑμεῖς
3457 3176 3731 3243 προετρά-

2146 3267 2324 3339 ψασθέ
2356 3282 2424 3338 με
2444 3263 2604 3318 τοῦτο
2625 3262 2869 3332 ποιῆσαι.
2909 3260 3323 3331 Ἐπλατύναμεν
3343 3262 3402 3316 δὲ
3428 3263 3520 3317 τὸν
3547 3262 3728 3335 λόγον,

2148 3359 2238 3414 διά
2291 3357 2595 3429 στηριγμδν
2648 3355 2758 3408 τῶν
2802 3352 3229 3407 κινδυνευόντων
3274 3353 3385 3408 άπὸ
3434 3355 3729 3427 ὀλιγωρίας

2152 3451 2340 3505 πεσεῖν
2366 3467 2380 3481 ·
2415 3447 2551 3501 διότι
2580 3443 2905 3517 εὑρέθησαν,
2939 3442 3124 3509 καθὼς
3146 3444 3426 3514 ἐγράψατέ
3452 3462 3562 3516 μοι,
3596 3448 3730 3517 παρ’

2153 3546 2283 3617 ὑμῖν
2333 3544 2444 3605 τοῖς
2480 3542 2539 3594 ἐν
2583 3542 2650 3611 τῇ
2695 3538 2876 3609 Ἰνδίᾳ,
2930 3537 3077 3600 τινὲς
3122 3536 3233 3589 τῶν
3280 3537 3529 3607 ἀδελφῶν
3579 3541 3732 3611 παρά

2150 3637 2251 3709 τὴν
2292 3631 2641 3706 προσδοκίαν,
2689 3628 2809 3683 λίαν
2867 3627 3379 3700 καταϐεϐαρημένοι
3440 3631 3550 3692 τοῖς
3606 3649 3731 3685 πει..

2154 3730 2406 3806 ρασμοῖς,
2443 3726 2538 3780 καὶ
2568 3723 2960 3793 ἀπολεγόμενοι
2983 3720 3079 3774 καὶ
3113 3721 3206 3774 τὸν
3233 3719 3368 3791 βίον,
3395 3721 3491 3776 καὶ
3512 3723 3611 3795 τὴν
3656 3725 3733 3779 δι-

2152 3817 2377 3890 ἀγωγὴν
2402 3814 2513 3869 τῶν
2545 3809 2816 3883 μοναχῶν,
2853 3808 3105 3877 λέγοντες
3131 3810 3401 3880 ὑπάρχειν
3432 3811 3602 3884 αὐτὴν
3631 3832 3732 3867 κα-

2150 3905 2628 3979 ταπεπνιγμένην,
2668 3903 2762 3958 καὶ
2792 3900 3224 3972 μυριοκίνδυνον,
3244 3902 3341 3957 καὶ
3366 3905 3447 3958 δτι
3479 3905 3733 3976 φανερῶς

2149 4005 2278 4070 τοὺς
2308 4003 2409 4074 μὲν
2463 3997 2762 4068 κοσμικοὺς
2786 3996 3153 4065 ὲμακάρισαν,
3197 3993 3516 4064 ἐμέμψαντο
3544 3996 3603 4050 δὲ
3630 3996 3731 4067 τὴν

2151 4096 2389 4168 ἡμέραν,
2423 4094 2481 4146 έν
2513 4085 2629 4163 ᾗτὸ
2651 4089 2835 4158 σχῆμα
2887 4086 3164 4156 εἰλήφασι.
3221 4086 3321 4140 Διά
3369 4084 3529 4141 τοῦτο
3576 4088 3733 4156 κάγὼ

2152 4182 2509 4259 ἠναγκάσθην
2538 4181 2881 4252 μακρότερον
2905 4177 3129 4247 ποιῆσαι
3155 4178 3247 4231 τὸν
3273 4178 3519 4250 παρόντα
3549 4179 3731 4248 λόγον,

2153 4281 2251 4335 καὶ
2278 4276 2367 4333 διά
2398 4274 2558 4349 λείων
2617 4271 2878 4345 ῥημάτων
2938 4268 3029 4341 [ἐν
3048 4268 3192 4325 ἄλλ.
3250 4268 3565 4342 πλείστωνῙ,
3589 4269 3734 4325 ὥστε

2152 4367 2412 4425 δύνασθαι
2477 4363 2571 4419 καὶ
2624 4363 2717 4417 τὸν
2768 4359 2983 4432 ἰδιώτην
3023 4360 3117 4413 καὶ
3149 4359 3517 4430 ἀγράμματον
3549 4361 3620 4414 τά
3642 4360 3734 4414 λε-

2153 4462 2364 4532 γόμενα
2415 4457 2628 4527 νοῆσαι.
2654 4453 2755 4507 Διὰ
2791 4450 2951 4506 τοῦτο
2997 4449 3169 4504 πολλά
3222 4450 3501 4520 γέγραφα,
3526 4450 3613 4504 ἴνα
3635 4451 3736 4504 τοῦ

2153 4549 2574 4621 λοιποῦρμηκέτι
2601 4543 2890 4613 κοσμικὸν,
2928 4541 3045 4596 ἀλλ’
3072 4540 3301 4605 έαυτοὺς
3327 4541 3524 4611 μόνους
3557 4559 3740 4611 μακα-

2159 4644 2383 4715 ρίζωσιν
2427 4638 2479 4692 οί
2535 4635 2782 4705 μοναχοὶ,
2832 4632 3030 4696 οἵτινες
3067 4631 3237 4703 χωρὶς
3290 4633 3471 4701 πάσης
3523 4630 3740 4685 ἀντιλο-

2155 4735 2280 4804 γίας
2326 4730 2637 4801 κρείττονες
2685 4725 2997 4798 ὑπάρχουσι
3046 4723 3156 4777 τῶν
3207 4722 3276 4776 τὰ
3297 4722 3608 4795 διαδήματα
3640 4725 3738 4776 ἐπὶ

2155 4827 2257 4895 τῆς
2321 4821 2569 4893 κεφαλῆς
2660 4818 2974 4889 φορούντων
3040 4815 3308 4885 βασιλέων
3337 4854 3354 4879 ,
3430 4818 3526 4870 καὶ
3598 4815 3730 4887 λαμ-

2162 4917 2438 4989 πρότεροι,
2487 4915 2584 4970 καὶ
2629 4910 3013 4980 ἐπιδοξότερος,
3038 4908 3112 4972 ώς
3156 4905 3236 4976 τῷ
3280 4901 3404 4975 Θεῷ
3442 4904 3530 4958 ἀεὶ
3566 4918 3741 4975 £900-

2162 5007 2498 5079 εδρεύοντες.
2566 5000 2706 5071 Ἐγὼ
2749 4999 2807 5055 δὲ
2831 5000 3008 5054 ταῦτα
3055 4997 3298 5067 γράψας,
3353 4994 3584 5049 ἱκετεύω
3643 4992 3747 5062 τὴν

2170 5098 2446 5169 ὑμετέραν
2494 5096 2743 5166 ἀγάπην,
2803 5096 3025 5163 μνήμην
3062 5109 3162 5163 μου
3193 5092 3252 5142 έν
3277 5091 3396 5153 ταῖς
3419 5086 3609 5155 εὑχαῖς
3666 5084 3749 5138 δι-

2167 5187 2388 5257 ηνεκῶς
2414 5185 2711 5248 ποιεῖσθαι,
2747 5185 2887 5238 ὥστε
2921 5177 3335 5247 καταξιωθῆναί
3365 5194 3434 5245 με
3459 5175 3551 5228 τὸν
3579 5173 3751 5227 ἐλεει-

2167 5280 2258 5333 νὸν
2291 5280 2391 5350 τῆς
2436 5276 2529 5332 τοῦ
2591 5276 2801 5347 Κυρίου
2829 5274 3074 5345 χάριτος,
3134 5273 3191 5325 ὲν
3225 5267 3303 5339 τῷ
3363 5267 3627 5339 βελτίστῳ
3652 5265 3753 5318 καὶ

2170 5368 2363 5439 ἀγαθῷ
2412 5368 2581 5429 τέλει,
2644 5363 3054 5438 περιγραφῆναι
3101 5361 3200 5432 τὴν
3256 5359 3537 5431 παροῦσαν
3574 5355 3751 5426 ζωήν.

2178 5461 2238 5515 ’0
2267 5461 2324 5513 δὲ
2353 5457 2545 5529 Πατὴρ
2579 5455 2690 5511 τῶν
2737 5453 3062 5524 οἰκτιρμῶν,
3090 5453 3185 5506 καὶ
3212 5449 3345 5516 Θεὸς
3371 5450 3549 5519 πάσης
3574 5464 3754 5518 παραυ

2172 5551 2435 5622 κλήσεως.
2482 5550 2783 5620 χορηγήσοι
2830 5545 2963 5616 ὑμῖν
3008 5542 3356 5613 παράκλησιν
3378 5538 3625 5601 αἰωνίαν,
3658 5536 3756 5590 καὶ

2172 5643 2360 5699 ἐλπίδα
2415 5640 2628 5713 ἀγαθὴν
2650 5679 2666 5705 ,
2702 5640 2761 5693 έν
2790 5636 3013 5710 Χριστῷ
3060 5634 3236 5708 Ἰησοῦ
3261 5634 3338 5705 τῷ
3365 5633 3552 5702 Κυρίῳ
3574 5625 3759 5698 ὑμῶν,

2173 5729 2218 5804 ᾧ
2242 5736 2274 5805 ἡ
2299 5735 2430 5800 δόξα
2472 5735 2569 5787 καὶ
2619 5733 2682 5788 τδ
2722 5731 2944 5803 κράτος,
2970 5730 3048 5792 είς
3077 5727 3205 5791 τοὺς
3234 5725 3437 5788 αίῶνας
3466 5720 3574 5777 τῶν
3620 5717 3757 5773 αίὼ-

2175 5844 2299 5884 νων.
2345 5826 2538 5895 Ἀμήν.
